1828 3011
228 159 420 186 connum
444 150 498 190 12,
519 160 543 187 7.
710 169 826 174 —-—
891 151 972 191 178
1034 169 1150 173 --

221 267 411 307 actionem
442 268 603 315 habebo,
634 268 815 319 idemque
846 274 916 314 est,
948 273 986 306 et
1014 266 1045 305 si
1065 267 1268 306 arbustum
1301 279 1431 306 meum
1464 266 1525 306 uel
1555 266 1632 305 uil-
1675 293 1678 295 -

82 327 137 371 12,
152 324 299 368 7,2lam
336 337 473 364 meam.
541 325 643 376 quod
681 325 713 364 si
743 325 829 364 dolo
862 323 949 375 quis
985 323 1152 362 insulam
1183 323 1384 370 exusserit,
1422 323 1537 362 etiam
1569 335 1633 362 ca-

186 392 201 419 3
222 380 312 433 pitis
333 393 455 432 poena
477 381 671 432 plectitur,
699 381 809 432 quasi
830 379 1102 419 incendiarius.
1162 379 1254 418 item
1286 380 1318 418 si
1348 380 1434 431 quis
1465 379 1632 418 insulam

220 437 389 477 uoluerit
424 450 585 476 exurere
616 443 654 477 et
683 437 781 487 ignis
814 437 934 476 etiam
966 436 1013 474 ad
1048 435 1167 474 uicini
1198 435 1365 474 insulam
1396 436 1631 488 peruenerit,

220 494 371 544 Aquilia
403 494 599 533 tenebitur
629 494 711 544 lege
750 493 878 532 uicino
908 492 1037 538 etiam,
1076 504 1153 531 non
1186 492 1316 530 minus
1346 492 1546 543 inquilinis
1583 491 1632 531 ob
1659 493 1679 527 5

221 563 284 589 res
314 562 449 589 eorum
481 556 649 595 exustas,
681 556 720 588 et
748 549 801 588 ita
833 549 958 588 Labeo
986 549 1084 587 libro
1106 548 1172 586 XV
1194 560 1469 600 responsorum
1501 550 1631 587 refert.

186 615 203 639 4
223 606 290 646 sed
328 607 360 645 si
392 606 571 658 stipulam
604 607 644 645 in
676 618 767 656 agro
805 611 872 644 tuo
910 604 1128 644 incenderis
1159 604 1336 656 ignisque
1367 611 1550 656 euagatus
1585 605 1633 643 ad

222 663 424 715 praedium
458 662 575 701 uicini
606 662 831 714 peruenerit
860 668 899 701 et
928 661 1021 701 illud
1054 661 1264 708 exusserit,
1301 661 1450 712 Aquilia
1481 662 1542 700 lex
1572 661 1628 700 lo-

185 729 201 754 5
221 732 311 758 cum
343 719 481 757 habeat
510 731 557 757 an
588 719 628 757 in
659 719 804 757 factum
837 718 935 758 actio
968 718 1028 766 sit,
1061 718 1135 757 fuit
1160 717 1346 769 quaestio.
1399 718 1464 757 sed
1495 717 1634 769 pleris-

222 788 296 826 que
327 775 477 826 Aquilia
508 775 568 814 lex
598 775 726 814 locum
760 775 900 814 habere
930 787 1009 814 non
1042 774 1209 821 uidetur,
1242 780 1280 813 et
1299 774 1350 813 ita
1374 773 1507 813 Celsus
1536 774 1632 812 libro
1662 776 1705 810 10

220 831 395 870 XXXVII
425 831 664 882 digestorum
697 831 841 870 scribit.
892 831 945 870 ait
975 831 1079 870 enim
1112 831 1157 870 ‘si
1189 831 1370 882 stipulam
1392 829 1634 869 incendentis

223 888 335 938 ‘ignis
378 888 530 939 effugit,
574 888 722 939 Aquilia
759 888 840 939 lege
877 900 966 927 eum
1005 901 1084 927 non
1127 887 1270 933 teneri,
1306 887 1373 926 sed
1409 887 1449 926 in
1486 888 1634 927 factum

223 944 440 995 ‘agendum‚
483 944 572 996 quia
613 957 690 984 non
722 944 987 996 principaliter
1017 944 1080 983 hic
1110 944 1270 991 exussit,
1308 944 1375 983 sed
1407 944 1498 983 dum
1531 944 1636 984 aliud

185 1001 314 1052 cegit,
354 1001 410 1040 sic
439 1000 537 1052 ignis
569 1001 779 1053 processit'.
861 1001 972 1040 cuius
1017 1001 1208 1040 sententia
1250 1006 1289 1040 et
1329 1001 1517 1052 rescripto
1555 1001 1636 1040 diui

223 1057 358 1097 Seueri
389 1057 623 1109 conprobata
654 1064 714 1097 est
740 1057 780 1096 in
812 1058 904 1097 haec
927 1058 1062 1097 uerba:
1097 1058 1292 1109 ‘profitere
1313 1064 1471 1109 propter
1491 1058 1632 1108 ignem,
1663 1058 1704 1093 15

222 1114 325 1165 ‘[qui]
361 1114 497 1166 pabuli
536 1114 656 1165 gratia
693 1116 817 1153 factus
861 1115 972 1166 culpa
1016 1127 1220 1154 seruorum
1260 1114 1440 1153 Veturiae
1477 1114 1635 1153 Astiliae

221 1174 419 1221 ‘euagatus
448 1183 583 1222 agrum
609 1178 732 1218 tuum,
765 1177 808 1210 ut
829 1171 1025 1223 proponis,
1059 1171 1314 1223 depopulatus
1336 1177 1406 1218 est,
1435 1170 1481 1209 ad
1503 1183 1635 1210 exem—
1823 1163 1828 1237 ξ

221 1227 342 1279 ‘plum
380 1227 473 1278 legis
506 1227 679 1278 Aquiliae
715 1227 841 1266 noxali
879 1227 1021 1267 iudicio
1058 1235 1208 1266 actura:
1247 1228 1278 1266 si
1309 1227 1388 1266 litis
1419 1227 1635 1266 aestimatio

223 1283 486 1335 ‘permittitur,
532 1284 717 1323 iudicium
759 1284 972 1324 consistere
1003 1284 1162 1335 potest’.
1233 1283 1414 1323 uidelicet
1452 1296 1531 1322 non
1577 1289 1636 1323 est

185 1345 201 1372 ⁷
221 1340 305 1379 uisa
354 1340 504 1391 Aquilia
556 1341 748 1379 sufficere.
828 1340 860 1379 si
911 1342 1009 1379 forte
1059 1353 1216 1387 seruus,
1273 1340 1341 1391 qui
1388 1340 1490 1378 idem
1538 1353 1632 1380 con-
1660 1339 1705 1374 20
1823 1336 1828 1367 l

222 1397 359 1435 ductor
405 1405 475 1442 est,
523 1397 650 1436 coloni
694 1398 741 1436 ad
787 1399 983 1436 fornacem
1029 1397 1290 1436 obdormisset
1327 1403 1365 1436 et
1396 1397 1485 1436 uilla
1516 1397 1635 1436 fuerit

310 1475 337 1495 c.
365 1465 396 1504 7,
421 1464 451 1496 3.
502 1464 531 1495 si
557 1464 631 1505 quis
657 1483 700 1487 ——
728 1469 865 1496 exustas
883 1481 927 1490 Ξ
944 1464 1023 1505 Εἰς.
1051 1464 1081 1503 9,
1109 1465 1138 1502 2,
1166 1464 1220 1505 27,
1246 1464 1276 1497 8.

309 1519 337 1540 c.
365 1510 394 1549 7,
420 1509 437 1539 7
456 1525 499 1535 z
517 1509 596 1550 Dig.
623 1510 654 1548 9,
680 1510 699 1540 2
728 1509 782 1549 27,
808 1510 827 1541 9
854 1508 1054 1551 quibusdam
1080 1511 1225 1541 omissis.

314 1585 325 1615 1
355 1584 492 1614 accione
510 1581 600 1615 BW.
632 1583 642 1626 Η
675 1585 755 1615 abeo
777 1582 868 1616 VW.
901 1583 912 1626 Η
944 1585 1093 1627 idemque
1111 1584 1140 1615 B
1159 1584 1268 1626 (ind),
1294 1585 1459 1626 itemquae
1477 1584 1505 1615 B
1523 1586 1637 1625 (teoet.)

223 1626 315 1660 VW.
355 1626 364 1669 Η
406 1633 441 1660 et
465 1629 506 1667 si]
535 1634 568 1660 et
587 1628 630 1668 V,
662 1640 705 1661 ex
723 1628 779 1661 W.
822 1628 832 1671 Η
875 1630 957 1662 uilla
983 1641 1056 1662 mea
1075 1630 1117 1662 V.
1161 1630 1171 1674 Η
1212 1630 1231 1662 2
1258 1630 1368 1662 insula
1386 1628 1461 1662 BV.
1503 1629 1514 1674 Η
1555 1640 1638 1663 exu-

220 1674 306 1705 rerit
325 1673 375 1706 V..
411 1672 422 1715 Η
457 1675 570 1713 etiam]
597 1684 637 1706 ex
664 1675 763 1706 etiam
784 1674 824 1707 V.
862 1673 872 1717 Η
909 1675 927 1707 3
952 1686 1089 1718 poenam
1107 1675 1146 1708 B.
1181 1674 1191 1718 Η
1225 1676 1394 1718 plectetur
1414 1674 1457 1715 V,
1482 1677 1638 1708 flectetur

222 1717 279 1750 W.
314 1718 325 1761 Η
358 1719 451 1758 item]
469 1718 498 1750 B
515 1720 631 1760 (teoet.)
647 1720 690 1760 V,
715 1720 802 1752 idem
820 1719 849 1751 B
866 1720 965 1761 (ind.)
984 1720 1042 1761 W,
1067 1731 1131 1753 om.
1149 1720 1228 1762 Dig.
1259 1720 1269 1764 Η
1301 1721 1456 1760 insulam]
1481 1721 1591 1753 insula
1609 1720 1638 1752 B

220 1763 330 1803 (ind).
351 1762 361 1806 Η
379 1764 399 1795 4
424 1765 579 1804 exurere]
606 1775 709 1797 meam
735 1776 788 1798 ex.
813 1765 889 1807 Dz'g.
909 1764 919 1807 Η
939 1767 957 1797 5
984 1767 1108 1807 aquilie
1128 1766 1171 1798 V.
1192 1765 1202 1808 Η
1223 1767 1295 1807 lege
1323 1776 1385 1798 om.
1405 1765 1483 1808 Dt'g.
1504 1765 1514 1809 Η
1532 1766 1638 1798 uicini

220 1807 260 1840 B.
313 1807 323 1850 Η
377 1809 478 1841 etiam
509 1810 619 1841 uicino
646 1822 708 1842 non
736 1811 841 1842 minus
867 1813 967 1843 etiam
992 1811 1070 1854 mg.
1118 1810 1128 1853 Η
1183 1812 1370 1854 inquilinis]
1397 1811 1574 1854 inaquilini
1593 1811 1638 1853 V,

220 1854 243 1885 i.
269 1853 441 1886 tenebitur
465 1855 544 1897 Dig.
585 1853 596 1897 Η
640 1856 691 1896 ob]
720 1857 780 1887 sub
801 1854 892 1889 VW.
932 1855 942 1897 Η
977 1857 996 1888 6
1022 1863 1056 1889 et
1081 1857 1127 1888 ita
1154 1857 1177 1889 l.
1202 1868 1246 1888 xu
1273 1867 1360 1899 resp.
1387 1858 1639 1899 (responsurum

220 1909 241 1929 u
261 1898 302 1941 V,
329 1909 415 1941 resp.
440 1911 484 1931 xu
506 1899 573 1940 W)
601 1899 708 1933 refert
732 1900 893 1939 (referret
912 1900 980 1942 W)
1005 1912 1068 1934 om.
1094 1902 1172 1944 Dig.
1215 1902 1225 1946 Η
1268 1904 1285 1934 7
1311 1903 1369 1934 sed
1395 1912 1459 1934 om.
1479 1901 1570 1936 VW.
1624 1901 1635 1945 Η

221 1944 346 1986 stipula
365 1944 406 1978 V.
461 1944 471 1988 Η
524 1946 715 1978 incenderit
734 1945 823 1979 BW.
877 1947 887 1989 Η
940 1952 1120 1979 euacuatus
1140 1946 1197 1980 W.
1251 1948 1261 1991 Η
1315 1949 1333 1980 S
1358 1948 1521 1989 proelium
1539 1947 1578 1980 B.
1627 1947 1638 1990 Η

219 1989 314 2021 illum
335 1989 376 2022 V.
418 1989 428 2033 Η
469 1992 624 2024 exuret-it
642 1991 683 2024 V.
725 1991 736 2035 Η
776 1992 918 2034 aquiliae
936 1991 976 2029 B,
1007 1994 1180 2035 aquiliana
1199 1992 1256 2025 JV.
1299 1993 1309 2036 Η
1350 1993 1370 2027 9
1394 1993 1493 2025 habet
1512 1991 1568 2026 W.
1628 1994 1639 2035 Η

221 2045 262 2066 an
288 2035 335 2073 in]
355 2036 387 2066 in
407 2036 439 2067 in
460 2036 503 2077 V,
528 2041 594 2068 tam
612 2037 645 2069 in
665 2035 722 2069 JV.
754 2037 764 2081 Η
794 2037 882 2069 facto
903 2037 994 2070 VW.
1026 2038 1036 2081 Η
1067 2039 1217 2082 quaestio
1236 2040 1291 2070 sed
1311 2039 1351 2081 B,
1377 2039 1586 2082 quaestionis
1605 2044 1640 2071 et

224 2078 317 2112 VW.
346 2078 356 2122 Η
392 2082 430 2113 10
456 2086 490 2113 et
515 2082 561 2113 ita
586 2083 696 2114 celsus
721 2083 783 2123 (sic
808 2082 838 2113 B
862 2085 959 2119 tex-t„
989 2084 1113 2116 celsius
1139 2083 1168 2115 B
1193 2084 1262 2116 ind.
1283 2084 1349 2125 W)
1375 2085 1397 2117 l.
1423 2084 1544 2116 xxxuii
1570 2084 1637 2124 dig.

222 2126 310 2165 (deg.
330 2124 358 2155 B
376 2125 458 2166 ind.)
485 2127 606 2159 scribit
631 2128 681 2159 ait
705 2128 752 2166 (id
770 2127 813 2168 B)
840 2128 924 2160 enim
944 2128 1034 2169 BW,
1060 2130 1099 2161 de
1126 2129 1251 2170 stipula
1277 2130 1487 2162 incendentis
1513 2129 1638 2161 celsius

225 2169 266 2202 V.
300 2169 310 2212 Η
351 2173 384 2204 11
412 2172 443 2203 si
467 2182 530 2203 om.
552 2171 645 2204 VW.
681 2172 691 2216 Η
726 2174 943 2205 incendentes
965 2173 1022 2206 W.
1056 2174 1067 2217 Η
1104 2175 1143 2208 12
1169 2174 1256 2216 fugit
1272 2175 1310 2215 B,
1338 2175 1453 2215 offugit
1471 2172 1529 2214 W,
1555 2175 1639 2207 effu-

222 2216 313 2255 gerit
332 2215 373 2247 V.
399 2216 409 2259 Η
433 2226 506 2248 eum
532 2227 595 2249 om.
617 2216 674 2250 W.
705 2217 715 2260 Η
749 2219 788 2252 13
814 2229 879 2250 non
904 2229 968 2250 om.
988 2218 1026 2251 B.
1057 2219 1067 2262 Η
1099 2221 1214 2252 exurit
1232 2220 1274 2252 V.
1305 2219 1315 2262 Η
1345 2221 1436 2253 aliud
1461 2220 1546 2259 legit
1562 2219 1639 2260 BV,

222 2260 308 2291 alius
334 2261 419 2302 legit
444 2261 500 2295 W.
547 2262 558 2305 Η
596 2263 634 2294 14
659 2264 878 2305 prta)ecessit
902 2263 986 2296 libri.
1022 2264 1032 2307 Η
1067 2266 1266 2297 sententiam
1288 2265 1344 2298 W.
1377 2265 1388 2306 Η
1421 2265 1465 2306 et]
1492 2266 1538 2297 sit
1562 2264 1638 2305 BV,

222 2307 288 2337 scit
307 2304 366 2338 JV.
402 2306 413 2350 Η
443 2309 642 2350 rescriptum
659 2308 733 2341 BV.
765 2307 775 2351 Η
805 2309 876 2340 diui
899 2311 1029 2343 seuerit
1046 2310 1089 2350 V,
1116 2311 1273 2342 diuiserit
1289 2309 1345 2343 W.
1375 2310 1385 2353 Η
1420 2312 1456 2342 15
1484 2310 1638 2352 profiteri

222 2350 310 2383 libri.
351 2350 362 2392 Η
408 2352 446 2384 16
473 2353 528 2395 qui
554 2363 617 2384 om.
645 2353 736 2386 libr-t.
779 2353 789 2396 Η
832 2355 942 2386 babuli
961 2355 1000 2387 B.
1042 2354 1052 2397 Η
1096 2356 1225 2398 culpam
1251 2366 1426 2388 seruorum
1451 2354 1494 2395 V,
1525 2355 1638 2398 culpas

224 2406 338 2427 eorum
358 2396 414 2429 W.
457 2396 468 2439 Η
510 2399 662 2430 beturiae
683 2398 741 2441 W,
766 2401 942 2432 uecturiae
960 2400 998 2432 B.
1040 2400 1050 2443 Η
1092 2402 1229 2433 artiliae
1257 2399 1312 2433 JV.
1355 2399 1365 2441 Η
1410 2402 1447 2434 17
1476 2406 1638 2442 euagatus

223 2443 419 2479 (aeuacatus
437 2442 481 2481 B)
507 2454 536 2475 a.
563 2449 587 2475 t.
613 2448 650 2475 ut
674 2455 722 2486 pr.
749 2445 778 2476 d.
806 2450 858 2477 est
880 2447 919 2477 ad
947 2456 996 2477 ex.
1015 2447 1037 2478 l.
1056 2447 1201 2488 aquiliae
1227 2457 1289 2478 om.
1312 2444 1369 2478 W.
1399 2444 1410 2487 Η
1444 2447 1482 2478 18
1509 2446 1639 2478 noxalii

226 2486 268 2524 V,
287 2488 400 2519 noxiri
420 2487 476 2521 W.
510 2487 520 2531 Η
551 2494 686 2522 acturas
705 2490 735 2521 si
753 2489 793 2531 B,
814 2495 947 2522 actoras
965 2492 994 2523 si
1015 2491 1062 2530 V.
1076 2497 1232 2524 auctoras
1249 2492 1278 2523 si
1293 2490 1349 2524 W.
1379 2490 1390 2533 Η
1425 2492 1463 2522 19
1482 2491 1639 2523 iudicium

225 2533 425 2573 consistere]
450 2536 585 2577 scripsi,
612 2535 772 2566 iudicium
799 2546 871 2567 cum
897 2537 991 2568 adire
1009 2536 1084 2577 BV,
1110 2537 1268 2569 iudicium
1288 2536 1339 2578 kp.
1358 2537 1401 2568 cii
1420 2536 1504 2568 idem
1521 2537 1638 2569 adhire

227 2575 290 2608 W:
316 2580 424 2619 possis
448 2581 530 2610 item
553 2582 713 2623 temptare
736 2582 877 2613 iudicem
897 2587 965 2613 tum
991 2583 1085 2614 adire
1106 2588 1210 2625 potes.
1251 2580 1261 2623 Η
1304 2581 1346 2613 20
1371 2581 1448 2613 uisu
1466 2581 1504 2622 B,
1532 2583 1639 2614 uisum

228 2621 318 2654 VW.
354 2622 364 2665 Η
398 2622 498 2664 forte]
524 2624 736 2657 foi-nacarius
753 2625 830 2669 Dz'g.
868 2626 878 2668 Η
912 2628 968 2669 qui
994 2628 1079 2659 idem
1104 2628 1288 2658 conductor
1312 2629 1374 2666 est]
1400 2629 1531 2670 scripsi,
1558 2637 1640 2670 quae

226 2667 313 2699 idem
338 2669 461 2707 (eidem
476 2668 546 2710 W)
570 2671 789 2703 conductores
813 2671 902 2713 libri,
927 2683 989 2705 om.
1007 2672 1086 2716 mg.
1119 2671 1130 2715 Η
1165 2672 1204 2704 21
1232 2672 1365 2704 colonia
1385 2671 1440 2705 W.
1476 2672 1486 2716 Η
1520 2673 1640 2704 obdor-

228 2714 358 2752 misset]
384 2713 475 2757 Dt'g„
506 2716 754 2749 obdormissent
779 2716 869 2750 lz'brz'.

734 1564 827 1570 zzvffis„
831 1564 835 1565 ν
840 1564 1030 1571 ,ηχνκκΜΛΛιψ-
