1823 3016
628 163 744 167 m
807 139 885 179 261
948 163 1064 166 -—-
1188 139 1440 177 APPEND1x2‚
1462 152 1562 177 5.—11

91 257 116 291 5
203 254 256 294 Ex
293 268 455 308 corpore
487 255 759 295 Theodosiani.

257 313 354 364 Imp.
388 313 680 352 Valentinianus
711 320 749 352 et
778 313 916 352 Valens
945 313 1019 351 AA.
1054 312 1209 364 Olybrio
1241 312 1294 364 pf.
1327 313 1446 352 urbis.
1507 314 1561 353 Ad

140 369 289 408 locum:
328 369 515 408 Iubemus
546 370 663 416 enim,
705 376 759 416 ut,
799 369 831 409 si
862 369 1028 408 intentio
1059 369 1234 421 petitoris
1266 370 1427 421 inproba
1460 370 1562 408 iudi-

140 432 268 469 cetur,
314 432 485 477 praestet
524 434 717 478 sumptus,
763 432 934 478 praestet
969 426 1179 477 impensas,
1219 439 1314 477 quas
1352 439 1441 465 eum
1481 434 1561 466 toto

141 482 220 521 litis
254 490 430 534 tempore
468 483 703 522 sustinuisse
741 483 933 530 claruerit,
975 482 1127 522 etiamsi
1159 495 1277 534 super
1313 483 1383 522 bac
1414 496 1455 522 re
1494 496 1561 522 ex-
1611 485 1631 518 5

141 539 312 590 pressior
350 547 475 578 cesset
513 540 702 579 sententis
738 539 958 579 iudicantis.
1018 539 1101 578 Dat.
1130 552 1196 578 vlu
1234 539 1307 578 kal.
1339 540 1431 579 Mar.
1465 540 1560 578 Tre-

143 595 245 635 ueris
278 596 547 635 Valentiniano
580 597 716 636 nouies
748 603 785 636 et
818 597 982 635 Victore.
1581 609 1605 628 ²²·
1624 601 1677 627 369

88 656 113 689 6
198 652 253 691 Ex
285 665 446 704 corpore
479 653 716 704 Gregoriani.

253 709 351 761 Imp.
385 710 599 748 Alexander
629 711 671 748 A.
705 709 915 749 Crescenti.
976 709 1082 756 Quae
1118 709 1157 747 in
1190 709 1317 748 libello
1350 709 1560 755 contulisti,

139 766 307 818 praesidi
338 767 562 818 prouinciae
593 767 722 817 allega,
756 767 822 818 qui
852 779 930 806 non
962 766 1114 817 ignorat
1143 779 1246 812 eum,
1279 767 1346 817 qui
1376 779 1444 818 per
1465 779 1560 804 con-
1590 768 1631 802 10

139 822 349 861 tumaciam
391 823 529 862 absens
568 824 864 871 condemnatur,
910 836 983 862 nec
1019 823 1286 875 appellationis
1326 824 1466 862 auxilio
1505 823 1561 862 uti

137 886 206 918 aut
237 879 275 917 in
310 879 470 931 duplum
505 893 688 919 reuocare
721 893 847 932 posse.
909 880 1000 931 Ppa.
1032 893 1070 919 xi
1102 880 1176 919 kal.
1208 880 1328 931 April.
1353 880 1492 919 Albino
1524 886 1562 918 et

138 936 318 975 Maximo.
1579 952 1603 970 a.
1624 945 1674 970 22⁷

87 993 110 1026 7
195 992 251 1031 Ex
282 1005 443 1044 corpore
475 993 712 1044 Gregoriani.

251 1050 348 1101 Imp.
387 1050 579 1089 Antonius
615 1051 658 1088 A.
689 1049 850 1088 Iuliano.
911 1049 1116 1088 Confessos
1157 1062 1312 1100 quoque
1351 1062 1421 1101 pro
1458 1049 1560 1088 iudi·
1591 1052 1631 1086 15

137 1106 233 1145 catis
264 1106 405 1145 habere
435 1107 592 1158 placuit.
653 1119 727 1156 qua
759 1106 805 1144 de
836 1118 877 1144 re
908 1106 990 1144 sine
1022 1118 1136 1144 causa
1164 1106 1358 1145 desideras
1381 1107 1560 1145 recedere

137 1176 157 1201 a
189 1163 431 1202 confessione
463 1170 538 1202 tua.
601 1164 688 1202 Ace.
721 1162 816 1214 prid.
851 1162 924 1201 kal.
958 1162 1042 1201 Oct.
1076 1163 1263 1202 Gentiano
1294 1169 1332 1201 et
1364 1163 1495 1202 Basso.
1580 1183 1604 1199 a.
1623 1176 1675 1200 211

84 1225 110 1258 8
193 1219 250 1258 Ex
286 1232 447 1270 corpore
480 1220 586 1258 Pauli
619 1219 916 1258 sententiarum.

249 1275 380 1314 Trinis
417 1277 549 1316 litteris
585 1277 644 1315 uel
676 1276 812 1315 edictis
844 1283 910 1315 aut
942 1288 1018 1315 uno
1049 1288 1119 1327 pro
1152 1275 1335 1315 omnibus
1368 1276 1456 1315 dato
1487 1282 1554 1314 aut

136 1331 238 1371 trina
279 1332 574 1372 denuntiatione
605 1340 825 1372 conuentus
857 1333 931 1371 nisi
962 1333 1008 1371 ad
1042 1332 1220 1379 iudicem,
1259 1333 1305 1372 ad
1337 1345 1453 1383 quem
1487 1333 1559 1371 sibi
1587 1336 1631 1370 20

133 1388 409 1428 denuntiatum
443 1396 502 1428 est
543 1397 609 1429 aut
646 1391 757 1429 cuius
794 1390 934 1429 litteris
971 1390 1032 1428 uel
1062 1389 1198 1428 edictis
1236 1397 1455 1428 conuentus
1488 1397 1559 1435 est,

135 1446 300 1493 uenerit,
333 1447 442 1498 quasi
472 1447 512 1485 in
544 1454 814 1486 contumacem
839 1447 939 1485 dicta
962 1446 1153 1485 sententia
1175 1446 1404 1486 auctoritate
1427 1459 1558 1485 rerum

134 1502 395 1542 iudicatarum
428 1503 594 1542 obtinet:
628 1504 721 1554 quin
752 1503 874 1542 immo
906 1516 977 1542 nec
1008 1503 1191 1555 appellari
1221 1504 1267 1542 ab
1298 1516 1343 1542 eo
1375 1510 1515 1555 potest.

83 1562 108 1596 9
194 1559 248 1598 Ex
279 1573 440 1612 corpore
471 1560 580 1600 Pauli
612 1567 711 1599 sent.

249 1616 307 1655 Ab
352 1630 394 1656 ea
441 1617 645 1663 sententia,
693 1630 790 1668 quae
834 1617 1023 1656 aduersus
1070 1622 1318 1656 contumaces
1364 1617 1439 1656 lata
1485 1624 1557 1664 est,
1587 1619 1630 1654 25

134 1685 264 1724 neque
296 1674 480 1725 appellari
511 1687 638 1725 neque
669 1673 709 1712 in
742 1673 902 1725 duplum
936 1673 1111 1712 reuocari
1142 1679 1284 1724 potest.

64 1728 108 1763 10
194 1729 247 1769 De
278 1730 603 1770 confessionibus.
665 1730 720 1769 Ex
751 1743 856 1782 corp.
889 1731 997 1769 Pauli
1028 1737 1128 1769 sent.

251 1786 546 1827 Confessionem
609 1800 717 1826 suam
780 1800 870 1827 reus
929 1788 968 1826 in
1029 1787 1192 1839 duplum
1243 1799 1427 1826 reuocare
1478 1799 1557 1826 non

133 1850 275 1896 potest.

65 1901 106 1934 11
248 1901 345 1940 Item
387 1901 433 1939 de
476 1900 578 1939 trina
615 1900 874 1940 conuentione
905 1901 1019 1940 sceda
1050 1900 1096 1940 de
1127 1899 1265 1939 litteris
1296 1900 1557 1939 commonito·
1583 1905 1629 1939 30

133 1956 221 1995 riis:
269 1956 447 2008 qualiter,
489 1970 578 1996 cum
618 1964 751 1996 contla
787 1969 1059 2009 quoscumque
1096 1956 1385 2020 interpellatum
1425 1957 1556 2003 fuerit,

132 2013 279 2053 debent
309 2014 411 2053 t1ina
443 2014 704 2053 conuentione
735 2014 780 2053 ad
813 2015 1051 2054 audientiam
1083 2014 1249 2053 euocali.

247 2071 322 2110 Sed
360 2077 398 2110 et
434 2071 471 2118 ii,
511 2071 557 2110 ad
595 2084 694 2122 quos
731 2071 880 2111 litterae
916 2071 1190 2123 p1ocesserint‚
1237 2069 1304 2122 qui
1342 2083 1408 2109 eos
1447 2082 1558 2109 com·-

224 2134 245 2175 ξ
272 2135 290 2166 5
307 2151 350 2162 =
371 2134 444 2167 eod.
474 2133 591 2167 Theod.
618 2136 649 2176 4,
677 2136 729 2176 18,
756 2136 786 2169 1.

224 2179 245 2222 ξ
271 2181 289 2212 7
307 2197 350 2207 =
371 2180 446 2212 Cod.
471 2180 558 2213 Just.
586 2182 615 2222 7,
641 2181 694 2223 59,
726 2183 752 2214 1.

222 2228 244 2267 ξ
270 2226 288 2257 8
305 2242 349 2252 =
367 2224 464 2257 Paul.
492 2227 523 2266 5,
550 2227 618 2268 5A,
646 2227 675 2258 6.

222 2270 243 2313 ξ
268 2272 349 2303 9—
306 2287 349 2290 -—
367 2271 466 2303 Paul.
497 2272 527 2312 5,
553 2273 622 2311 5A,
647 2274 705 2304 Ga.

223 2316 244 2358 ξ
273 2317 312 2349 10
338 2318 414 2348 ltine
438 2320 518 2349 rest.
545 2316 645 2349 Paul.
672 2317 704 2359 5,
730 2318 788 2359 5a,
815 2318 844 2349 7.

471 2372 577 2379 ›um-
594 2372 641 2379 Ηψ

223 2392 243 2423 2
271 2371 429 2424 obsibrio
432 2372 477 2424 P.
519 2393 529 2434 l]
572 2393 593 2424 4
619 2398 768 2435 sumptos
792 2392 862 2424 BP.
904 2391 914 2435 Η
957 2393 976 2424 6
1003 2392 1164 2425 cessitB.
1207 2391 1216 2434 Η
1258 2397 1413 2424 treueres
1431 2391 1499 2423 BP.
1542 2391 1552 2434 ΙΙ

134 2436 172 2468 11
201 2436 320 2469 absens
340 2439 580 2470 condemnatur
600 2437 766 2480 Cazacz'ns,
793 2437 943 2470 absentis
967 2438 1227 2470 condemnantur
1245 2438 1314 2469 BP.
1348 2435 1362 2477 ΙΙ
1393 2437 1557 2469 auxilium

128 2480 201 2514 BP.
242 2481 254 2525 ΙΙ
291 2484 330 2514 14
354 2485 462 2523 greg]
488 2485 545 2523 sie,
572 2493 637 2514 non
662 2494 752 2524 greg.
784 2484 822 2515 de
848 2483 1011 2516 confessis
1035 2483 1072 2515 P.
1113 2482 1124 2526 ΙΙ
1169 2484 1207 2515 15
1234 2482 1408 2515 confessus
1434 2481 1500 2514 BP.
1544 2481 1554 2524 ΙΙ

133 2528 172 2558 17
206 2538 224 2559 a
251 2538 315 2560 om.
340 2529 376 2561 B.
420 2526 429 2571 Η
472 2539 541 2560 acc.
572 2539 635 2560 om.
662 2529 699 2561 P.
741 2528 751 2572 ΙΙ
793 2539 933 2570 gessena
959 2529 996 2569 Β,
1029 2538 1192 2568 gessenna
1218 2529 1256 2560 P.
1299 2528 1309 2571 Η
1356 2528 1394 2560 19
1426 2528 1555 2560 litteris

131 2572 244 2612 Paul„
270 2584 332 2605 om.
355 2573 422 2606 BP.
465 2572 474 2615 ΙΙ
518 2585 581 2605 uno
608 2573 716 2614 Paul„
744 2585 841 2606 unum
859 2575 930 2606 BP.
970 2576 983 2616 ΙΙ
1024 2575 1066 2605 20
1092 2575 1235 2606 iudicem
1261 2572 1370 2613 Paul„
1398 2573 1554 2605 iuditium

130 2617 199 2650 BP.
240 2617 251 2660 Η
290 2619 332 2650 30
359 2620 437 2651 item
464 2630 528 2651 om.
549 2619 586 2659 Q.
627 2620 640 2659 Η
673 2620 863 2652 conuentio.
881 2620 921 2651 P.
957 2619 966 2662 Η
1001 2620 1131 2652 scedam
1147 2618 1185 2661 B,
1211 2619 1276 2650 scd'
1297 2619 1336 2650 P.
1369 2618 1380 2661 {l
1413 2618 1554 2658 litteris]

131 2663 211 2696 line
233 2664 288 2704 Qa,
331 2663 341 2707 Ι]
385 2665 658 2696 commoneturiis
680 2664 716 2704 Q,
742 2666 995 2697 communtoriis
1013 2665 1052 2697 P.
1094 2663 1103 2706 ll
1145 2665 1185 2697 31
1214 2675 1287 2696 cum
1312 2674 1376 2696 om.
1396 2663 1433 2704 Q.
1467 2664 1478 2707 11
1512 2664 1553 2695 32

129 2710 248 2741 uocari
264 2710 303 2741 P.
345 2709 355 2753 Η
399 2710 440 2742 33
467 2711 519 2750 ad]
545 2720 564 2741 a
582 2709 652 2743 BP.
695 2709 704 2751 Η
750 2711 882 2742 litteras
901 2709 1033 2750 BPQR.

1134 2370 1558 2379 Waeae-mmwmam
