1823 3016
660 173 775 176 ——
840 148 924 188 225
1136 156 1250 183 GREG.
1266 157 1393 184 wlsxo.
1417 148 1448 191 2,
1470 149 1596 186 1-3.1.

173 281 299 321 posse,
331 267 487 318 quando
519 265 790 305 huiuscemodi
821 278 957 305 causas
995 265 1216 303 communis
1256 265 1337 303 uoti
1375 266 1594 317 complendi

133 339 150 363 2
170 325 266 365 ratio
297 330 494 376 prouocet.
555 329 713 375 propter
744 335 841 374 quae
873 328 911 361 et
941 322 980 360 in
1012 322 1204 372 integrum
1239 322 1434 360 restitutio
1475 323 1594 360 dene-

170 390 298 434 gatur:
347 380 502 420 tametsi
548 381 651 419 inter
696 379 868 418 minores
911 378 1010 418 uerti
1049 378 1246 423 uideatur,
1285 391 1364 417 non
1403 378 1596 430 discrepat

169 439 215 478 ab
246 438 318 484 his,
351 439 416 488 qui
449 437 643 488 legitimae
675 437 808 475 aetatis
840 436 885 475 ad
917 435 1187 474 huiuscemodi
1220 441 1444 474 contractus
1478 436 1594 486 prod-

133 502 273 535 aeunt.
341 506 459 545 quare
506 506 774 545 quaecumque
806 493 926 532 Iulius
958 492 1194 544 Agrippinus
1235 505 1271 531 u.
1304 505 1336 531 c.
1369 492 1468 530 filiae
1507 499 1593 530 tuae
1644 504 1664 537 5

168 551 330 592 Auiniae
362 564 526 603 sponsae
557 550 737 595 donauit,
770 557 944 601 repetere
976 550 1082 588 nullo
1116 550 1231 588 modo
1280 549 1444 600 poterit:
1482 562 1525 587 ac
1563 550 1594 587 si

167 610 242 648 hoc
286 610 411 647 facere
460 607 731 660 temptauerit,
779 613 948 658 opponet
993 606 1262 645 auctoritatem
1317 618 1427 644 suam
1475 605 1595 644 lulius

167 665 341 704 Donatus
374 678 411 703 u.
435 677 466 703 c.
491 678 526 717 p.
552 678 587 704 u.
620 664 769 703 amicus
801 670 945 710 noster,
979 670 1022 702 ut
1052 669 1130 702 tam
1164 663 1341 715 improba
1374 662 1508 715 petitio
1530 675 1594 701 re-

166 723 344 774 pellatur.
405 721 498 760 Data
530 721 628 773 prid.
660 721 711 760 id.
743 721 827 759 Iun.
860 721 1073 759 Aemiliano
1110 727 1148 759 et
1177 720 1297 759 Basso
1329 733 1455 759 conss.
1611 734 1635 752 a·
1656 727 1706 752 259

279 779 565 830 Interpretatio.
627 778 714 817 Iure
745 785 784 816 et
819 777 968 828 legibus
1007 777 1252 824 continetur,
1296 784 1338 816 ut
1376 776 1592 816 minoribus
1622 784 1664 817 10

167 843 300 875 contra
334 848 389 882 ea,
422 848 520 886 qnae
550 835 653 874 intra
682 834 783 873 XXV
817 847 938 873 annos
972 834 1070 873 male
1103 834 1304 885 gesserint,
1346 847 1416 885 per
1453 835 1593 885 integri

166 892 456 932 restitutionem
489 892 625 931 debeat
657 891 871 930 subueniri.
918 891 984 930 sed
1017 893 1055 930 in
1088 893 1161 930 hoc
1183 898 1335 931 tantum
1359 904 1449 930 casu
1481 904 1594 943 prae—

168 950 268 988 senti
298 949 380 1000 lege
411 956 687 994 remouentur,
726 955 770 987 ut
800 949 831 986 si
869 948 959 999 quid
999 949 1171 987 minores
1210 961 1280 1000 pro
1320 948 1593 987 coniunctione

167 1005 411 1046 matrimonii
429 1005 658 1057 sponsalicia
676 1006 851 1056 largitate
870 1005 1115 1053 donauerint,
1138 1018 1207 1057 per
1229 1005 1432 1044 obtentum.
1453 1005 1593 1056 integri

170 1063 432 1102 restitutionis
460 1063 682 1101 nullatenus
714 1062 879 1101 debeant
900 1074 1096 1100 reuocare.
1149 1062 1253 1113 quod
1286 1062 1466 1101 similiter
1486 1062 1592 1101 iuxta
1623 1068 1664 1102 15

169 1120 363 1159 nouellam
395 1120 519 1171 legem
554 1127 593 1158 et
624 1119 670 1158 de
703 1119 791 1158 dote
823 1119 1056 1157 seruabitur.

487 1236 539 1275 111
586 1235 633 1275 Si
666 1235 817 1274 maior
848 1234 1000 1274 fuerit
1031 1234 1268 1286 probatus

122 1304 138 1337 1
280 1306 378 1357 Imp.
410 1305 617 1357 Philippus
648 1307 691 1344 A.
716 1311 753 1344 et
774 1304 976 1356 Philippus
1009 1304 1048 1343 C.
1070 1304 1190 1343 Aedio
1220 1303 1401 1343 Maximo.
1433 1303 1593 1342 Minori-

166 1362 238 1401 bus
271 1363 382 1401 annis
415 1363 597 1414 deceptiS,
639 1375 716 1401 non
749 1362 1033 1413 decipientibus
1072 1361 1324 1400 subuenitur:
1363 1366 1401 1400 et
1437 1360 1524 1399 ideo
1562 1360 1592 1399 si

166 1419 212 1458 ad
245 1419 636 1458 circumueniendum
670 1424 887 1470 emptorem
921 1419 1110 1457 mentitus
1142 1425 1306 1457 aetatem
1330 1430 1376 1456 ex
1408 1418 1591 1469 adspectu
1620 1423 1664 1457 20

166 1482 203 1515 te
236 1476 421 1515 maiorem
455 1476 568 1515 annis
590 1476 747 1528 probari
770 1475 942 1522 effecisti,
975 1475 1169 1514 lubricum
1193 1477 1337 1514 frustra
1359 1474 1591 1526 praetendis.

165 1533 239 1571 ΡΡ.
272 1533 371 1584 prid.
404 1533 454 1572 id.
487 1533 585 1572 Nou.
618 1533 738 1584 Aquis
770 1533 949 1584 Philippo
980 1534 1023 1570 A.
1056 1539 1094 1571 et
1125 1532 1277 1571 Titiano
1310 1544 1436 1570 conss.
1611 1549 1635 1566 a.
1655 1542 1707 1566 246

279 1590 565 1641 Interpretatio.
635 1590 675 1628 Si
706 1589 793 1641 quis
826 1589 1042 1641 decipiendi
1074 1589 1205 1628 animo
1237 1588 1423 1627 maiorem
1458 1601 1498 1627 se
1529 1587 1591 1626 in—

165 1647 398 1686 strumentis
445 1647 760 1698 quibuscumque
806 1659 890 1685 esse
938 1646 1212 1697 conscripserit
1259 1652 1297 1685 et
1341 1652 1477 1697 postea
1522 1657 1592 1697 per

165 1704 301 1742 aetatis
353 1705 507 1742 ueniam
560 1710 694 1742 contra
741 1704 815 1742 hoc
857 1703 992 1742 uenire
1038 1703 1307 1755 temptauerit,
1366 1702 1589 1741 nullatenus
1618 1707 1661 1742 25

165 1760 356 1808 audiatur,
391 1761 479 1812 quia
511 1761 696 1812 deceptus
728 1773 807 1799 non
840 1767 911 1807 est,
945 1760 1011 1799 sed
1044 1761 1126 1812 ipse
1158 1760 1275 1799 alium
1301 1759 1426 1798 uoluit
1457 1759 1591 1798 fraude

165 1817 354 1869 decipere.

259 1936 276 1966 2
303 1946 385 1978 quae
418 1941 452 1968 et
482 1946 544 1968 om.
565 1935 600 1968 G.
644 1935 654 1979 Η
697 1936 716 1968 3
748 1937 896 1977 tametsi]
929 1948 1002 1969 nam
1035 1938 1101 1969 etsi
1133 1939 1174 1969 A.
1219 1936 1230 1979 Η
1273 1937 1348 1976 uon]
1384 1946 1445 1967 nec
1480 1932 1546 1965 GP.
1577 1933 1587 1976 Η

164 1982 347 2023 discripata
366 1981 404 2020 P,
433 1982 625 2024 discrepant
651 1981 845 2015 Mommsen.
878 1982 888 2024 Η
920 1984 938 2015 5
966 1994 994 2014 u.
1011 1986 1051 2022 c.]
1077 1994 1129 2016 uo.
1151 1982 1186 2021 G,
1214 1994 1257 2014 uu
1274 1982 1314 2013 P.
1347 1980 1357 2022 Η
1390 1982 1407 2012 7
1432 1981 1494 2012 hoe
1522 1990 1588 2011 om.

167 2025 202 2059 G·
234 2025 243 2068 Η
276 2027 415 2069 opponit
444 2026 548 2060 GPV.
586 2026 595 2069 Η
628 2028 646 2059 8
671 2039 702 2060 u.
721 2031 762 2068 c.]
788 2040 841 2061 uo.
864 2027 900 2062 G.
932 2028 941 2070 Η
973 2029 992 2061 9
1019 2029 1063 2060 id.
1082 2040 1147 2061 om.
1166 2030 1204 2061 P.
1240 2027 1249 2070 Η
1284 2028 1396 2059 iuniae
1417 2026 1589 2057 miliciano

165 2078 199 2104 et
215 2072 255 2104 P.
277 2071 287 2114 Η
313 2083 422 2104 conss.
438 2083 500 2104 om.
518 2074 548 2104 P
564 2074 623 2104 hoe
641 2074 706 2105 Ioco
723 2078 755 2105 et
773 2076 806 2106 in
826 2075 979 2106 omnibus
997 2085 1080 2117 quae
1094 2078 1275 2117 sequantur
1290 2072 1430 2115 legibus.
1461 2070 1470 2113 Η
1500 2072 1538 2102 10
1553 2076 1591 2102 ut

165 2128 228 2150 om.
253 2118 295 2150 P.
321 2116 331 2160 Η
357 2119 503 2150 minores
526 2116 563 2150 G.
589 2117 599 2161 Η
626 2119 659 2151 11
692 2122 742 2159 ea]
767 2130 787 2152 a
809 2119 866 2152 Ga.
892 2122 905 2162 Η
930 2121 1052 2161 uiginti
1076 2126 1109 2152 et
1134 2122 1278 2163 quinque
1295 2117 1369 2151 PV.
1402 2118 1412 2160 Η
1442 2118 1591 2156 gesserit

169 2161 241 2196 GV.
274 2162 283 2205 Η
318 2164 356 2194 12
384 2164 603 2196 restitutione
625 2163 660 2196 G.
696 2164 705 2206 Η
741 2166 920 2198 subuenire
949 2164 984 2198 G.
1007 2165 1016 2207 Η
1052 2166 1082 2197 in
1109 2167 1172 2198 hoc
1198 2178 1262 2199 om.
1284 2165 1319 2206 G,
1345 2165 1407 2196 hoc
1434 2173 1497 2194 om.
1519 2161 1560 2193 V.
1581 2161 1590 2204 Η

167 2210 206 2241 13
232 2209 374 2241 minoris
399 2210 437 2240 P.
486 2208 497 2252 Η
545 2220 603 2252 pro
631 2220 694 2242 om.
722 2210 764 2243 V.
808 2211 817 2254 Η
859 2212 1131 2244 coniunctionem
1159 2211 1276 2245 G‹2?P.
1319 2210 1328 2253 Η
1375 2210 1414 2242 14
1441 2218 1499 2250 pel·
1525 2218 1589 2238 0171-

166 2253 208 2286 V.
251 2253 262 2297 Η
305 2255 486 2295 obtentum]
521 2257 661 2287 obtentu
693 2256 725 2287 in
755 2255 790 2295 G,
824 2257 964 2289 obtentu
990 2258 1068 2290 PV.
1112 2257 1122 2299 Η
1167 2260 1205 2290 15
1233 2258 1353 2290 debeat
1380 2254 1452 2287 GV.
1496 2253 1505 2294 Η
1552 2255 1588 2284 16

165 2300 300 2331 nouella
338 2301 413 2341 lege
450 2301 494 2332 P:
539 2301 619 2332 llaec
656 2301 713 2333 Ieoe
748 2312 813 2334 non
850 2306 957 2335 extat.
1011 2301 1023 2346 Η
1077 2304 1115 2335 17
1153 2306 1310 2347 expectes
1348 2301 1520 2334 rubricam
1560 2298 1589 2328 si

164 2346 272 2376 minor
311 2356 347 2378 se
384 2346 544 2378 maiorem
576 2347 706 2378 dixerit
736 2348 789 2379 uel
821 2349 981 2390 probatus
1005 2348 1120 2385 {fuerit
1150 2351 1215 2388 (sle
1247 2348 1322 2380 eod.
1354 2348 1435 2379 Iasi.
1464 2346 1494 2383 2,
1518 2344 1588 2382 42).

164 2388 174 2432 Η
216 2397 420 2433 prouocatus
446 2392 484 2423 P.
528 2391 538 2434 Η
585 2392 622 2424 18
655 2393 878 2434 imperatores
907 2393 941 2426 G.
992 2392 1003 2436 Η
1048 2395 1158 2434 aedio]
1187 2394 1231 2435 V,
1262 2395 1337 2426 edio
1370 2392 1410 2432 G,
1442 2389 1588 2421 ahaedeo

164 2436 203 2467 P.
244 2437 257 2475 Η
299 2437 339 2468 19
371 2437 532 2479 deceptus
556 2437 598 2470 V.
648 2437 658 2480 Η
706 2438 747 2469 20
779 2440 831 2479 ad]
863 2440 895 2471 id
923 2439 956 2473 G.
1001 2438 1012 2482 Η
1055 2442 1249 2482 emptorem]
1276 2440 1320 2470 mi
1353 2442 1449 2479 empt.
1476 2435 1536 2465 Pst.
1580 2434 1590 2475 Η

164 2483 340 2521 mentitus]
372 2493 413 2514 m.
446 2488 498 2515 est
521 2483 561 2514 P.
617 2481 627 2525 Η
681 2488 791 2515 aetate
815 2483 882 2517 GV.
938 2484 949 2528 Η
1003 2486 1040 2517 21
1076 2488 1122 2525 te]
1149 2491 1261 2518 aetate
1287 2490 1365 2516 tuae
1391 2483 1429 2522 P,
1461 2491 1525 2512 σπι.
1547 2478 1588 2510 V.

165 2524 176 2568 Η
218 2528 356 2569 probari
387 2539 450 2560 om.
471 2530 509 2560 P.
552 2527 562 2570 Η
605 2528 749 2560 effecisti
769 2527 804 2561 G.
848 2530 858 2573 Η
898 2532 1106 2573 praetendis]
1133 2532 1295 2573 pudentes
1316 2530 1352 2569 G,
1378 2525 1588 2570 praemendis

164 2572 203 2603 P.
238 2570 248 2613 Η
283 2573 324 2604 22
352 2584 402 2616 pp.
423 2574 522 2616 prid.]
541 2575 732 2616 praeposita
751 2575 825 2606 data
849 2574 886 2616 G,
911 2577 976 2608 dat.
996 2576 1082 2618 prid.
1103 2577 1141 2608 P.
1177 2576 1187 2619 Η
1222 2576 1314 2618 aquis
1334 2576 1393 2606 A?
1419 2572 1589 2617 ζἰιίαςίιιε,

166 2627 229 2648 om.
260 2616 362 2651 GPV.
404 2618 414 2662 Η
457 2620 627 2651 teteciano
652 2620 690 2651 P.
733 2619 743 2661 Η
786 2620 827 2653 23
854 2622 925 2663 quis
955 2632 1018 2654 om.
1048 2621 1120 2654 GV.
1163 2620 1174 2665 Η
1217 2622 1259 2653 24
1286 2618 1499 2653 consenserit
1518 2614 1588 2649 GV.

166 2661 341 2741 Ill-perGR
367 2669 403 2696 ut
430 2663 466 2706 G,
495 2670 553 2697 aut
572 2664 613 2698 V.
656 2664 667 2708 Η
709 2666 750 2698 25
778 2667 876 2698 uenia
895 2667 938 2699 V.
981 2666 991 2709 Η
1012 2668 1052 2699 26
1080 2678 1143 2698 non
1169 2678 1232 2699 om.
1255 2665 1291 2699 G.
1334 2665 1343 2708 Η
1386 2666 1456 2708 ipsa
1478 2661 1532 2695 GH.
1575 2661 1586 2703 Η

166 2718 254 2740 alos
304 2734 311 2740 .
940 2726 941 2729 =

241 2764 383 2791 Collectio
399 2764 451 2792 111.
1311 2770 1352 2805 15
