1823 3016
69 266 142 308 2,1

644 171 760 174 —
823 145 906 187 233

1099 153 1212 180 GREG.
1228 153 1354 181 WISIG.
1373 145 1426 188 12,
1441 146 1549 186 2-l4‚
1564 160 1588 183 1.

278 265 374 316 Imp.
423 264 641 304 Gordianus
687 265 730 303 A.
762 263 918 303 Aurelio
956 263 1088 303 Prisco
1135 270 1173 303 et
1210 263 1338 304 Marco
1386 267 1587 306 militibus.

163 322 272 362 Sicut
310 321 488 372 iniquum
531 328 592 360 est
630 320 904 360 instrumentis
950 320 989 359 ui
1031 319 1131 371 ignis
1173 321 1354 361 extinctis
1396 323 1588 363 debitores

163 379 424 431 quantitatum
473 378 690 417 debitarum
730 390 894 417 renuere
941 377 1201 424 solutionem,
1249 378 1300 417 ita
1339 392 1417 418 non
1456 381 1586 419 statim

127 443 143 467 2
163 448 297 475 casum
330 435 659 486 conquerentibus
692 435 799 474 facile
831 435 1068 474 credendum
1092 441 1163 473 est.
1210 435 1437 486 Intellegere
1458 437 1588 487 itaque

162 493 310 532 debetis
357 505 434 531 non
483 492 741 531 existentibus
787 492 1062 531 instrumentis
1108 492 1169 530 uel
1215 492 1299 531 aliis
1346 494 1588 544 argumentis

161 549 326 602 probare
373 550 487 588 tidem
535 549 716 601 precibus
763 549 906 587 nestris
953 548 1153 589 adsistere.
1216 549 1375 589 PP.11[
1414 551 1485 589 kal.
1517 551 1587 589 Iul.

162 606 306 646 Sabino
338 606 370 645 II
402 614 440 645 et
471 606 642 645 Yenusto
674 619 800 644 conss.

275 663 599 715 Interpretatione
631 676 711 702 non
743 669 839 714 eget.

683 767 829 806 LIBER
860 766 1073 806 DECIMVS

374 836 461 875 XIII
508 836 691 883 Quibus
723 849 796 875 res
829 836 1036 875 iudicata
1069 849 1161 875 non
1194 844 1364 876 noceat

275 902 399 954 Impp.
433 902 692 941 Diocletianus
730 908 768 940 et
800 901 1057 941 Maximianus
1095 903 1170 940 AA.
1212 903 1339 942 Aeliae
1376 903 1588 942 Matronae.

162 960 406 999 Sententiam
438 959 627 998 aduersus
659 959 840 997 absentes
879 966 917 997 et
955 959 1180 998 indefensos
1227 972 1270 998 ac
1308 961 1474 999 maxime
1514 961 1588 999 mi-

160 1029 276 1055 nores
307 1017 423 1055 latam
457 1016 582 1054 nullas
616 1017 718 1054 uires
751 1015 926 1054 obtinere
948 1016 1144 1055 notissimi
1166 1016 1263 1055 iuris
1296 1025 1366 1056 est.
1414 1017 1488 1056 PP.
1513 1018 1586 1056 kal.

163 1073 269 1125 Sept.
301 1072 538 1111 Diocletiano
570 1073 622 1111 III
653 1079 691 1111 et
722 1072 954 1111 Maximiano
985 1073 1062 1111 ΑΑ.
1096 1086 1223 1112 conss.

275 1129 598 1181 Interpretatione
630 1142 709 1168 non
741 1136 838 1179 eget.

556 1232 705 1271 LIBER
736 1232 948 1273 DECIMVS
980 1232 1192 1272 TERTIVS

534 1301 638 1340 XIIII
684 1301 744 1341 De
774 1303 926 1354 patria
956 1309 1205 1354 potestate

273 1368 370 1419 Imp.
418 1367 640 1407 Antoninus
678 1368 721 1406 A.
763 1367 995 1407 victorinae.
1058 1369 1098 1407 Si
1143 1369 1183 1407 in
1230 1375 1421 1420 potestate
1467 1369 1588 1420 patris

158 1425 286 1467 fuisti.
332 1437 421 1464 cum
470 1425 663 1463 hereditas
709 1425 850 1464 Bassae
889 1425 1040 1464 Cassiae
1085 1425 1155 1464 tibi
1197 1426 1378 1472 obuenit,
1425 1438 1588 1477 eamque

158 1482 280 1535 patris
311 1481 421 1521 iussu
453 1482 625 1529 creuisti,
664 1483 748 1521 iure
780 1482 926 1533 patriae
957 1482 1160 1534 potestatis
1192 1483 1226 1521 ei
1264 1495 1346 1521 eam
1385 1483 1584 1533 quaesisti.

158 1541 323 1591 ideoque
354 1540 458 1591 quod
490 1539 536 1577 ab
568 1552 612 1578 eo
644 1539 729 1578 iure
760 1540 972 1578 alienatum
1006 1546 1085 1585 est,
1123 1540 1228 1578 nulla
1270 1540 1419 1578 ratione
1458 1540 1586 1579 oblato

158 1597 283 1650 pretio
328 1596 481 1635 restitui
521 1596 589 1635 tibi
632 1596 839 1635 desideras.
900 1596 975 1635 PP.
1009 1597 1059 1635 III
1090 1597 1164 1635 kal.
1203 1597 1282 1636 Ian.
1322 1597 1466 1636 Romae
1502 1598 1587 1649 ipso

158 1656 336 1705 Augusto
368 1661 402 1693 ec
432 1654 611 1692 Aduento
643 1666 769 1692 conss

272 1711 597 1762 Interpretatione
629 1723 708 1749 non
740 1717 836 1761 eget.

253 1814 279 1835 e.
311 1803 361 1844 12,
389 1803 408 1834 2
426 1819 470 1829 z
493 1802 569 1834 Cod.
596 1802 681 1834 Just.
707 1803 739 1841 4,
765 1802 821 1844 21,
848 1803 877 1834 5.

251 1936 264 1967 1
295 1936 397 1967 militi
417 1934 490 1973 GV,
507 1937 555 1967 sic
571 1935 623 1967 ael
640 1936 708 1967 mil.
729 1934 808 1967 libri
830 1935 958 1967 Codicis
975 1935 1057 1967 Just.
1078 1933 1087 1976 Η
1116 1934 1133 1964 2
1153 1934 1334 1966 strumenti
1356 1932 1412 1966 Ga,
1432 1932 1441 1975 Η
1462 1934 1530 1965 uiin
1548 1934 1588 1971 P,

159 1982 209 2012 uis
229 1980 282 2013 θ’).
326 1980 335 2023 Η
379 1982 454 2020 igne
475 1980 509 2022 G,
537 1982 605 2022 Igni
625 1981 668 2013 V.
711 1979 721 2022 Η
763 1981 964 2019 debitarum]
991 1980 1180 2011 debitorum
1202 1978 1239 2011 G.
1282 1978 1291 2020 Η
1335 1979 1353 2010 3
1381 1980 1586 2011 solutionum

160 2027 202 2059 V.
247 2031 256 2069 Η
299 2028 318 2059 4
344 2028 620 2067 conquirentibus
643 2026 714 2058 GV.
759 2026 769 2068 Η
811 2027 912 2058 facile
937 2026 1024 2057 delet
1050 2024 1248 2058 Mommsen.
1283 2024 1293 2067 Η
1329 2026 1391 2065 est]
1419 2031 1471 2057 est
1497 2030 1531 2056 et
1552 2024 1587 2056 G.

158 2071 169 2114 Η
212 2075 230 2103 5
258 2073 382 2104 debitis
403 2070 437 2103 G.
481 2071 491 2114 Η
533 2073 716 2105 existentis
735 2073 772 2104 P.
816 2071 825 2114 Η
868 2073 886 2104 6
914 2072 1094 2112 adsistere]
1120 2072 1239 2103 adesse
1264 2071 1348 2103 lust.
1384 2069 1394 2112 11
1432 2071 1449 2101 7
1478 2081 1587 2101 conss.

156 2129 220 2150 om.
240 2118 282 2150 V.
318 2118 327 2160 Η
365 2120 382 2150 δ’
410 2119 470 2149 int.
500 2130 526 2149 n.
558 2120 599 2157 e.]
627 2118 683 2149 ist.
702 2119 785 2160 intp.
813 2129 875 2149 non
904 2118 1004 2157 indig.
1025 2118 1064 2157 P,
1092 2117 1430 2157 interpraetationcin
1451 2116 1494 2155 V,
1521 2126 1584 2147 om.

160 2163 197 2196 G.
241 2163 251 2206 Η
293 2166 312 2195 9
348 2165 407 2196 lib.
442 2164 510 2195 dec.
547 2174 610 2195 om.
640 2162 674 2195 G.
717 2162 726 2205 Η
769 2164 928 2202 decimus]
964 2164 988 2195 V
1016 2163 1054 2194 P.
1098 2162 1108 2205 Η
1153 2164 1192 2196 10
1225 2174 1288 2194 non
1316 2167 1435 2194 noceat
1459 2172 1523 2193 om.
1545 2160 1586 2193 V.

158 2207 169 2252 Η
215 2210 251 2241 11
280 2210 356 2252 iuip.
386 2209 422 2242 G.
466 2208 476 2251 Η
520 2210 559 2242 12
586 2209 757 2241 sentencia
781 2208 817 2242 G.
861 2209 871 2251 Η
913 2209 1054 2240 minoris
1080 2209 1119 2240 P.
1159 2208 1169 2251 Η
1213 2210 1252 2241 13
1279 2209 1348 2240 lata
1370 2207 1427 2242 Ga.
1456 2208 1587 2250 prolata

159 2253 213 2288 θ’).
256 2254 266 2297 Η
310 2256 420 2287 nullas
454 2256 559 2294 uires]
592 2255 717 2286 nullum
750 2256 803 2287 sui
836 2255 922 2287 iuris
950 2254 985 2287 G.
1033 2253 1043 2296 Η
1093 2254 1303 2286 notissimum
1337 2260 1388 2285 est
1414 2252 1448 2285 G.
1492 2252 1501 2294 L
1548 2254 1587 2285 14

157 2301 302 2332 maximo
322 2300 365 2333 V.
401 2301 410 2343 Η
444 2301 508 2340 aa]
528 2312 556 2332 a.
578 2300 614 2338 G,
640 2311 703 2332 om.
722 2300 796 2333 PV.
833 2302 842 2343 Η
877 2311 987 2332 conss.
1006 2311 1070 2332 om.
1092 2298 1129 2332 G.
1162 2298 1171 2341 Η
1208 2301 1245 2331 15
1273 2311 1334 2330 non
1355 2299 1483 2339 indiget
1503 2300 1587 2340 intp.

161 2345 197 2383 G.
216 2347 282 2378 ista
301 2348 382 2389 intp.
403 2357 465 2377 non
487 2346 573 2387 indg.
590 2347 628 2387 P,
648 2347 985 2388 interpraetationem
1005 2357 1067 2377 non
1086 2350 1162 2387 eget
1178 2345 1222 2376 V:
1240 2348 1274 2377 in
1292 2345 1436 2377 editione
1453 2343 1585 2375 Codicis

162 2389 384 2424 leeodosz'anl
414 2394 475 2424 etc.
506 2393 669 2424 Aureliae
700 2392 932 2424 All01n·.1536
964 2392 1023 2423 lzoe
1055 2391 1126 2423 loco
1158 2391 1335 2433 leguntur:
1376 2391 1490 2431 interp
1528 2389 1580 2420 ad-

160 2448 278 2469 uersus
297 2438 455 2470 absentes
473 2439 529 2469 uel
547 2438 695 2470 minores
715 2438 861 2469 iudicata
880 2449 943 2468 non
964 2437 1138 2475 ualebunt,
1153 2438 1198 2478 cf.
1214 2437 1366 2480 Epz'tome
1380 2434 1585 2477 Aege'dz'atm.

160 2482 172 2525 Η
216 2483 255 2515 16
281 2484 351 2515 dec.
378 2484 516 2523 tertius]
544 2484 584 2516 Vl
604 2484 641 2515 P.
685 2483 695 2526 Η
740 2484 778 2516 18
806 2484 1008 2515 antonianus
1030 2481 1066 2523 G,
1093 2483 1251 2514 antonius
1271 2481 1314 2513 Γ.
1356 2482 1365 2523 L
1407 2492 1435 2512 a.
1462 2491 1527 2512 0111.
1549 2478 1584 2512 G.

158 2528 169 2571 Η
211 2528 380 2561 uictoriae
400 2529 435 2571 G,
462 2531 525 2561 inc.
547 2529 608 2562 Vt‘.
643 2528 652 2570 Η
691 2529 730 2560 19
759 2530 874 2560 bassae
901 2528 1099 2568 Slelzardus,
1127 2528 1240 2560 basiae
1271 2526 1341 2567 GV,
1367 2527 1477 2558 assiae
1498 2526 1535 2557 P.
1574 2524 1584 2568 ΙΙ

159 2574 299 2615 cassiae]
327 2581 440 2608 castae
461 2573 496 2606 G.
540 2575 549 2618 Η
585 2575 730 2616 eantque]
758 2584 828 2606 eain
855 2584 936 2616 quae
962 2585 1033 2605 cuin
1053 2574 1095 2606 V.
1131 2573 1141 2616 Η
1177 2574 1217 2605 20
1244 2573 1338 2604 iussu
1372 2572 1479 2614 patris
1505 2570 1542 2603 G.
1577 2571 1587 2613 Η

159 2624 346 2662 potestates
364 2622 402 2653 P.
437 2622 449 2663 Η
484 2622 522 2654 21
553 2621 709 2661 oblegato
731 2619 766 2659 G,
794 2620 920 2651 oblatio
940 2620 979 2651 P.
1015 2619 1024 2661 Η
1059 2620 1100 2651 22
1128 2619 1298 2660 praecium
1317 2618 1356 2649 P.
1393 2617 1402 2659 Η
1438 2616 1585 2649 ianl'om.

159 2667 198 2698 P.
225 2666 235 2707 Η
261 2676 352 2698 roma
374 2665 410 2705 G,
438 2678 518 2699 rom.
541 2667 580 2698 P.
606 2666 617 2709 Η
643 2667 684 2698 23
711 2666 754 2706 et]
773 2666 946 2707 quinquies
966 2670 999 2696 et
1021 2663 1058 2704 G,
1085 2665 1112 2697 V
1139 2669 1172 2696 et
1191 2664 1235 2704 V,
1262 2663 1305 2696 VI
1324 2669 1356 2695 et
1374 2664 1412 2695 P.
1439 2661 1449 2705 Η
1476 2673 1584 2694 conss.

159 2721 222 2743 om.
241 2711 304 2743 Va.
329 2711 339 2754 Η
365 2713 408 2744 24
426 2712 485 2745 int.
506 2713 840 2754 (interpretationem
859 2710 906 2751 VJ
926 2722 954 2742 n.
975 2713 1015 2750 e.]
1036 2712 1093 2742 ist.
1113 2710 1194 2752 intp.
1215 2720 1279 2741 non
1300 2709 1387 2750 indg.
1406 2709 1446 2750 P,
1465 2719 1532 2740 om.
1549 2707 1585 2740 G.

1638 494 1658 527 5

1608 628 1633 645 a.
1653 621 1705 646 240

1618 847 1661 881 10

1608 1091 1633 1108 a.
1653 1082 1704 1108 287

1619 1137 1659 1171 15

1615 1490 1658 1524 20

1607 1675 1634 1692 a.
1653 1668 1704 1693 218
