1823 3016
647 153 762 156 —
828 128 909 169 137
972 152 1090 156 —
1245 129 1596 170 COLLAT101,2—4.

176 246 316 286 diderit
369 245 586 297 parauerit‚
643 246 836 286 falsumue
887 245 1156 286 testimonium
1205 246 1345 285 dixerit
1388 259 1466 298 quo
1511 248 1598 298 quis

38 304 68 346 1,
93 303 338 355 2,2periret‚
384 303 571 342 mortisue
617 316 772 342 causam
816 303 1062 356 praestiterit.
1125 315 1224 354 quae
1263 303 1393 341 omnia
1430 304 1599 343 facinora

174 361 214 398 in
247 359 490 398 honestiores
521 372 645 411 poena
676 360 812 412 capitis
841 360 1030 399 uindicari
1051 359 1211 411 placuit:
1245 359 1472 398 humiliores
1505 373 1600 399 uero

174 422 241 456 aut
270 416 310 454 in
340 429 495 455 crucem
531 417 722 456 tolluntur
751 425 818 456 aut
849 417 983 456 bestiis
1014 416 1274 455 subiciuntur.

36 477 64 518 1,
90 486 150 516 3‚1
231 485 413 512 VLPIANVS
449 473 547 512 libro
580 474 644 512 VII
686 475 731 513 de
769 474 897 513 officio
934 473 1178 526 proconsulis
1210 473 1283 512 sub
1316 472 1429 512 titulo
1467 472 1514 512 de
1545 472 1597 511 si-
1624 478 1646 512 5

346 530 459 569 cariis
491 536 530 569 et
560 531 763 570 ueneficis:

285 586 416 639 Capite
461 587 589 639 primo
625 588 719 638 legis
752 588 950 627 Corneliae
996 587 1042 626 de
1087 587 1235 626 sicariis
1273 592 1446 633 cauetur,
1486 591 1530 624 ut
1566 585 1599 624 is

170 649 326 696 praetor
364 644 530 683 iudexue
567 645 818 696 quaestionis,
862 645 924 683 cui
961 651 1065 683 sorte
1102 644 1310 683 obuenerit
1346 643 1520 694 quaestio
1553 642 1599 681 de

170 700 320 740 sicariis
351 701 434 740 eius
466 702 569 752 quod
602 702 640 740 in
670 702 765 741 urbe
787 702 908 740 Roma
931 702 1143 753 propiusue
1166 701 1270 740 mille
1292 713 1429 752 passus
1452 702 1598 739 factum

170 757 232 803 sit,
266 758 320 796 uti
353 765 513 810 quaerat
544 771 631 798 cum
664 759 869 805 iudicibus,
902 760 968 809 qui
1001 758 1036 797 ei
1067 771 1113 796 ex
1134 759 1216 809 lege
1238 765 1342 797 sorte
1365 756 1599 796 obuenerint
1629 763 1670 797 10

171 814 217 853 de
260 815 383 866 capite
423 815 518 861 eius,
564 815 631 866 qui
676 828 764 854 cum
812 816 887 854 telo
927 815 1186 854 ambulauerit
1225 815 1394 854 hominis
1435 813 1599 853 necandi

170 872 318 910 furtiue
354 872 519 911 faciendi
557 885 683 918 causa,
721 873 972 911 hominemne
1004 872 1200 919 occiderit,
1237 873 1400 911 cuiusue
1439 871 1479 910 id
1510 871 1598 910 dolo

170 929 272 967 malo
304 930 449 968 factum
482 930 568 968 erit.
628 936 666 968 et
696 929 855 980 reliqua.

135 995 150 1018 2
226 985 371 1024 Relatis
404 986 534 1025 uerbis
565 985 659 1036 legis
693 987 808 1025 modo
839 986 922 1038 ipse
952 985 1125 1036 loquitur
1155 985 1361 1037 leianus:

284 1042 387 1081 Haec
422 1043 483 1081 lex
512 1055 592 1081 non
625 1055 796 1088 omnem,
839 1042 906 1094 qui
937 1054 1027 1081 cum
1060 1042 1137 1081 telo
1167 1041 1438 1087 ambulauerit,
1470 1039 1595 1093 punit,
1628 1047 1669 1081 15

170 1099 237 1138 sed
277 1111 367 1138 eum
400 1106 566 1146 tantum,
610 1099 677 1150 qui
708 1099 879 1138 hominis
916 1099 1079 1138 necandi
1111 1099 1255 1137 furtiue
1286 1098 1452 1137 faciendi
1483 1110 1599 1137 causa

169 1156 289 1195 telum
338 1157 456 1207 gerit,
504 1163 668 1195 coercet.
742 1155 943 1208 conpescit
986 1156 1080 1194 item
1126 1168 1236 1201 eum,
1283 1155 1350 1206 qui
1396 1155 1597 1194 hominem

169 1212 321 1259 occidit,
354 1226 426 1252 nec
446 1213 587 1252 adiecit
607 1214 719 1252 cuius
741 1213 980 1252 condicionis
1002 1212 1215 1259 hominem,
1243 1219 1286 1251 ut
1306 1219 1345 1252 et
1365 1212 1413 1251 ad
1435 1223 1597 1251 seruum

169 1276 208 1309 et
236 1270 486 1321 peregrinum
519 1270 714 1322 pertinere
746 1270 841 1310 haec
871 1271 931 1309 lex
962 1270 1151 1309 uideatur.

30 1327 60 1370 1,
87 1339 112 1369 4,
131 1340 147 1363 1
225 1327 322 1365 Item
355 1340 496 1366 PAVLVS
527 1327 625 1366 libro
657 1327 724 1378 qui
755 1340 885 1379 supra,
917 1334 956 1366 et
986 1327 1100 1366 titulo
1131 1326 1242 1366 dicit:
1623 1333 1669 1367 20

283 1384 485 1423 Homicida
530 1391 601 1431 est,
646 1384 713 1436 qui
759 1385 887 1436 aliquo
934 1396 1073 1436 genere
1104 1384 1170 1423 teli
1211 1384 1413 1423 hominem
1454 1381 1598 1422 occidit

168 1441 357 1480 mortisue
393 1454 550 1480 causam
582 1441 788 1494 praestitit.

259 1565 286 1586 c.
314 1554 345 1594 2,
371 1554 390 1585 2
415 1554 491 1587 Ιιίηο
515 1557 596 1586 rest.
623 1554 752 1587 Paulus
777 1556 808 1594 5,
835 1554 888 1596 23,
914 1555 945 1586 2.

1474 1642 1594 1649 Amr-»W

1146 1640 1257 1651 »ΜΛΨ

949 1645 1047 1652 «νυν-ΛΑ

443 1645 832 1653 Μι-ΝἉΜΛωμ-Μνφωᾉκ

263 1703 277 1735 1
305 1700 481 1741 falsumne]
507 1700 693 1733 falsumuae
714 1701 753 1741 B,
780 1700 899 1733 falsum
925 1701 981 1733 uel
999 1701 1065 1741 Va,
1096 1699 1215 1732 falsum
1232 1698 1337 1732 Pauli
1361 1699 1449 1731 libri.
1484 1697 1496 1741 Η
1530 1709 1594 1740 quo

167 1747 253 1789 quis]
280 1757 362 1789 quos
387 1747 444 1789 qui
471 1746 525 1780 W.
572 1746 582 1789 Η
624 1747 643 1779 2
671 1748 817 1789 perisset
842 1747 879 1779 B.
923 1746 934 1790 Η
976 1747 1151 1787 mortisue]
1180 1746 1237 1790 W,
1267 1746 1387 1778 mortis
1412 1755 1492 1777 suae
1518 1743 1595 1776 BV.

167 1790 184 1836 Η
228 1803 346 1824 causas
377 1792 481 1824 Pauli
501 1792 589 1824 libri.
643 1792 653 1835 Η
705 1794 799 1835 quae]
827 1794 866 1824 ob
892 1803 974 1834 quae
1000 1792 1109 1824 Pauli
1133 1792 1218 1824 libri.
1275 1791 1285 1834 Η
1339 1791 1358 1822 3
1386 1800 1523 1833 paenam
1550 1789 1595 1830 V,

166 1849 305 1880 poenam
326 1837 381 1870 W.
409 1836 425 1881 Η
453 1838 473 1869 4
499 1844 557 1870 aut
582 1838 627 1878 in]
656 1843 715 1870 aut
740 1838 846 1870 Pauli
867 1838 957 1870 libri.
1000 1837 1010 1881 Η
1053 1839 1247 1870 obiciuntur
1271 1837 1378 1870 Pauli
1400 1837 1488 1869 libri.
1529 1834 1540 1877 Η
1574 1836 1594 1866 5

165 1884 323 1926 ulpianus
356 1884 445 1915 libro
478 1884 540 1923 uii]
572 1884 703 1925 ulpiani
729 1886 777 1921 (in
802 1885 930 1926 marg.)
956 1884 1000 1917 V.
1043 1883 1053 1927 Η
1096 1885 1293 1927 proconsuli
1318 1883 1347 1915 B
1370 1882 1477 1923 (ind).
1518 1879 1535 1925 Η
1574 1881 1594 1913 6

164 1929 325 1962 beneficis
354 1929 411 1969 W,
449 1929 621 1961 beneficiis
648 1929 692 1962 V.
734 1929 744 1972 Η
788 1931 806 1961 ’ΐ
836 1932 978 1973 primum
1007 1930 1042 1969 Β,
1079 1931 1205 1973 primae
1235 1930 1290 1963 W.
1333 1927 1344 1971 Η
1386 1929 1438 1961 his
1464 1927 1503 1965 B,
1540 1927 1594 1958 his

164 1975 220 2018 qui
240 1973 333 2007 VW.
375 1976 388 2016 ΙΙ
430 1975 448 2007 8
474 1975 639 2007 iudexuae
664 1975 702 2016 B,
731 1976 833 2007 iudex
858 1977 913 2008 uel
940 1976 1036 2009 VW.
1090 1975 1101 2019 Η
1155 1977 1348 2018 questiones
1377 1973 1435 2007 W.
1483 1971 1494 2016 Η
1541 1974 1594 2005 cui

164 2025 256 2053 sorte
276 2021 319 2060 V,
351 2021 403 2052 cui
429 2026 555 2052 sortem
580 2021 619 2059 B,
644 2031 709 2053 om.
730 2021 786 2054 ll‘.
817 2022 830 2065 Η
864 2022 882 2053 9
910 2032 1022 2054 romae
1044 2020 1101 2054 17.
1135 2020 1146 2063 Η
1180 2023 1375 2064 propiusue]
1401 2019 1594 2061 Sclmlting,

164 2067 322 2108 proprius
349 2066 393 2106 V,
420 2067 576 2109 proprios
596 2065 653 2107 W,
681 2068 829 2109 propriis
847 2067 884 2099 B.
922 2066 933 2110 Η
968 2078 1123 2110 passuum
1143 2067 1200 2100 17.
1235 2067 1245 2111 Η
1280 2067 1390 2099 factus
1416 2066 1455 2106 B,
1483 2065 1593 2097 factus

163 2112 242 2151 (sic)
269 2112 314 2144 V.
355 2113 368 2152 Η
413 2114 451 2143 10
482 2113 597 2154 utique
627 2117 702 2144 erat
726 2112 763 2144 B.
807 2112 817 2154 Η
851 2114 920 2155 qui]
947 2114 1001 2145 cui
1027 2113 1064 2145 B.
1100 2112 1111 2156 Η
1147 2114 1189 2153 ei]
1217 2124 1255 2145 ea
1282 2113 1340 2147 17.
1376 2112 1387 2155 Η
1421 2114 1529 2152 legem
1553 2110 1592 2142 B.

166 2155 182 2200 Η
208 2163 332 2189 sortem
351 2157 442 2191 BW.
476 2158 489 2200 Η
522 2158 702 2189 obuenerit
721 2157 814 2191 VW.
847 2157 858 2201 Η
892 2160 927 2191 11
949 2160 1100 2191 homines
1120 2160 1262 2198 negandi
1281 2159 1325 2191 V.
1356 2157 1367 2201 Η
1400 2160 1440 2192 12
1459 2166 1593 2189 causam

165 2202 208 2235 V.
250 2202 261 2246 Η
296 2204 527 2235 hominemuae
546 2203 584 2242 B,
611 2203 776 2235 hominem
803 2206 857 2236 uel
879 2204 971 2238 VW.
1007 2204 1018 2247 Η
1052 2205 1203 2244 cuiusue]
1230 2205 1326 2237 cuius
1347 2205 1382 2237 B.
1424 2205 1438 2246 Η
1478 2203 1592 2235 dolum

162 2248 200 2280 B.
244 2247 255 2291 Η
301 2250 339 2281 13
366 2248 472 2281 fuerit
496 2249 534 2281 B.
578 2248 588 2291 Η
632 2249 673 2280 14
699 2250 818 2282 relatis
845 2250 960 2282 uerbis
986 2251 1070 2292 legis
1096 2253 1159 2289 (sic
1185 2251 1211 2282 B
1236 2250 1317 2292 ind.²
1343 2251 1412 2291 legi
1437 2250 1466 2282 B
1490 2250 1592 2288 teoet.)

163 2294 259 2326 modo
297 2295 369 2337 ipse
406 2295 487 2337 (ipsi
515 2295 557 2335 B)
594 2294 744 2336 loquitur
780 2306 843 2327 om.
875 2296 917 2328 V.
969 2297 982 2337 Η
1034 2297 1188 2339 ulpianus
1225 2298 1309 2339 (ulp.
1342 2307 1407 2328 om.
1442 2295 1590 2335 17)...

163 2342 304 2380 omnem]
331 2341 486 2382 ulpianus
512 2350 639 2372 omnem
665 2342 802 2372 omissis
824 2340 962 2384 reliquis
988 2343 1051 2383 Vb,
1077 2344 1193 2374 omisit
1217 2344 1332 2374 omnia
1354 2344 1507 2384 sortasse
1526 2340 1590 2372 VH.

165 2383 181 2428 ΙΙ
215 2385 252 2417 16
279 2385 422 2427 negandi
438 2386 483 2418 V.
518 2385 530 2429 Η
563 2396 695 2418 causam
715 2385 838 2419 BVW.
869 2387 880 2430 Η
914 2388 951 2419 17
979 2394 1116 2420 coercet
1135 2413 1143 2420 .
1160 2411 1168 2419 .
1187 2411 1194 2418 .
1213 2391 1286 2428 nec]
1306 2388 1419 2420 coerci
1438 2385 1591 2427 (coherci

165 2429 236 2470 W)
268 2433 451 2470 compescit
475 2431 647 2475 (conpesci
674 2432 714 2471 B)
740 2432 762 2464 i.
789 2443 816 2463 e.
845 2443 873 2475 q.
900 2433 930 2464 h.
957 2434 1081 2465 occidit
1106 2434 1237 2465 coercit
1262 2445 1323 2467 uec
1348 2433 1528 2472 (coherciti
1553 2432 1589 2463 iu

161 2477 223 2509 hac
242 2475 308 2519 W)
334 2476 423 2517 BW,
461 2479 660 2510 coerci***in
695 2479 757 2510 hac
790 2478 868 2518 (om.
887 2477 959 2519 rel.)
980 2478 1044 2519 Va,
1078 2489 1237 2511 coercere
1264 2481 1296 2512 ei
1321 2480 1354 2511 in
1382 2480 1442 2511 hac
1462 2478 1524 2509 Vb.
1576 2477 1590 2515 ll

165 2521 205 2553 18
230 2523 335 2554 aiecit
352 2522 391 2562 B,
417 2524 524 2556 adicit
540 2523 702 2557 Huschke.
737 2524 750 2564 Η
782 2528 820 2555 ut
844 2526 890 2564 et]
909 2529 945 2556 ut
961 2524 1004 2557 V.
1040 2524 1050 2567 Η
1090 2525 1127 2556 19
1153 2526 1337 2565 pertinere]
1357 2523 1413 2565 17,
1440 2523 1591 2567 pertinet

163 2567 215 2599 ire
240 2567 278 2608 B,
307 2569 493 2609 pertineret
519 2569 563 2602 V.
614 2572 625 2612 Η
681 2570 722 2601 20
748 2569 834 2601 idem
860 2570 902 2602 V.
953 2569 964 2612 Η
1011 2571 1100 2603 liber
1128 2568 1183 2603 W.
1225 2571 1237 2612 Η
1280 2571 1335 2613 qui
1361 2571 1474 2613 supra]
1502 2569 1588 2613 quod

163 2623 261 2655 supra
285 2613 377 2646 libri:
404 2615 461 2656 qui
491 2625 592 2657 supra
618 2615 720 2647 relati
749 2615 823 2657 138,
849 2616 881 2656 9,
913 2617 969 2658 qui
995 2627 1094 2658 supra
1125 2617 1200 2657 175,
1223 2617 1271 2649 15.
1303 2617 1428 2657 1721.
1460 2616 1532 2657 198,
1550 2615 1587 2656 83

166 2659 221 2699 qui
245 2658 301 2690 uel
323 2661 408 2701 quod
436 2671 462 2692 s.
492 2661 564 2702 141,
594 2663 628 2699 1;
665 2671 727 2703 quo
757 2660 813 2692 uel
837 2662 923 2702 quod
955 2672 1055 2704 supra
1089 2662 1164 2704 139,
1193 2664 1226 2703 13
1264 2663 1351 2703 quod
1375 2672 1402 2694 s,
1431 2662 1586 2703 142‚›'11.

165 2703 240 2744 151,
259 2704 312 2736 20.
338 2703 350 2747 Η
373 2706 476 2737 tituiu
493 2706 522 2738 B
538 2706 647 2748 (z'nd.),
674 2707 798 2739 titulus
819 2705 874 2738 W.
900 2706 911 2750 Η
935 2707 977 2739 22
1003 2709 1125 2740 mortis
1143 2719 1223 2741 suae
1246 2708 1342 2741 BVa.
1377 2706 1388 2750 Η
1422 2719 1523 2741 causa
1542 2709 1587 2742 V.
