1855 2957
167 663 186 696 [Φ

161 1635 229 1668 283
255 1630 363 1669 Idem
392 1630 548 1669 Aurelio
580 1630 848 1669 Carrenoniw.
925 1630 965 1669 Si
994 1631 1288 1681 praediorumss
1329 1631 1670 1683 stipendiariorum
1683 1648 1828 1683 noma,

217 665 235 698 [ὑ

263 120 348 146 vA'r.
369 120 427 147 ΕΒ.
447 123 597 148 281483.
764 136 879 138 -—-
944 111 999 151 90
1061 134 1177 138 —
1260 109 1331 152 <AD
1351 116 1486 143 LEGEM
1505 115 1667 142 CINCIAM

262 229 453 280 exegerim
491 230 594 281 quod
633 230 664 268 si
696 229 824 268 locum
856 228 991 274 habet,
1029 234 1188 266 eatenus
1219 239 1266 264 ex
1297 226 1504 265 donatione
1534 228 1672 264 fratres
1686 235 1846 277 moeni

266 287 320 325 tui
351 286 560 331 deducent,
605 293 798 337 quatenus
836 285 874 324 id
906 284 989 323 fieri
1019 282 1255 322 indemnitas
1285 290 1324 321 et
1352 283 1449 320 iuris
1479 282 1600 320 ratiol
1632 283 1671 320 in
1697 270 1833 333 ΜΑξΒθῩ·

264 343 485 394 optinendis
516 342 774 394 portionibus,
807 355 903 393 quas
935 353 1000 379 eos
1031 340 1174 378 habere
1203 351 1360 377 necesse
1391 346 1468 383 est,
1500 339 1670 388 exigunt.

262 399 368 438 iuxta
399 400 498 438 hanc
527 399 623 438 iuris
654 401 819 438 formam
853 409 1007 449 praeses
1038 396 1262 447 prouinciae
1292 396 1338 434 ad
1360 396 1483 433 uicem
1507 395 1672 433 familiae

263 456 512 495 erciscundae
543 456 714 494 officium
748 454 961 494 sententiae
993 466 1084 491 suae
1114 452 1263 503 legibus
1292 451 1532 503 temperabit.
1574 451 1670 490 Pro-

262 513 386 564 posita
419 513 600 564 Byzantio
628 512 679 551 XI
711 512 783 550 kal.
816 512 907 562 Apr.
939 510 1106 548 Maximo
1138 516 1176 548 et
1205 509 1385 559 Aquilino
1417 507 1569 547 conss.2
1594 531 1637 547 Ν

296 580 384 605 Senot.
404 582 442 605 ad
461 588 483 605 c.
504 582 552 604 231
576 581 636 604 init.
655 579 696 603 B'.
723 580 726 609 Ι
752 578 783 603 Si
802 582 884 610 pater
903 576 935 602 in
954 576 1048 602 fllium
1062 576 1188 602 familias
1209 575 1321 609 aliquid
1339 576 1457 607 confert,
1482 577 1486 608 Ι
1508 574 1673 600 liberalitas

296 614 358 640 eius
378 614 464 640 salua
483 618 540 647 leye
557 615 560 646 Ι
578 614 707 640 Falcidia
726 612 876 646 probanda
898 617 946 639 est.

261 663 367 702 Idem
400 662 626 715 Calpurniae
661 661 962 701 Aristaenetaess.
1023 661 1212 708 Quoniam
1260 674 1338 700 non
1384 666 1564 699 contenta
1609 672 1671 698 re-
1686 669 1838 704 unnnp

260 720 415 771 scripto,
461 720 564 770 quod
609 719 656 758 ad
692 719 839 770 primas
870 731 1004 770 preces
1035 731 1249 770 acceperas,
1287 718 1425 756 iterato
1457 716 1672 768 supplicare
1756 706 1815 732 ²⁸⁶·

259 776 430 823 uoluisti,
477 789 523 814 ex
567 775 651 814 iure
697 775 931 826 rescriptum
976 775 1203 826 reportabis.
1279 786 1509 813 communes
1539 785 1600 811 res
1632 773 1670 810 in

260 833 428 871 solidum
460 833 594 871 donari
625 840 837 883 nequeunt,
870 832 936 870 sed
966 832 1165 883 portiones
1197 844 1332 870 eorum
1364 831 1427 881 qui
1461 830 1606 868 donant
1626 830 1671 868 ad

259 902 324 927 eos
356 889 423 939 qui
455 890 555 928 dono
587 889 783 940 accipiunt
814 889 1023 928 transitum
1052 889 1213 927 faciunt.
1264 901 1335 926 nec
1356 887 1497 938 ambigi
1519 893 1673 938 oportet

260 946 488 984 donationes
520 946 635 985 etiam
667 947 770 984 inter
805 945 985 984 absentes
998 946 1025 992 4,
1063 946 1096 984 si
1132 958 1179 984 ex
1210 945 1410 984 uoluntate
1441 944 1671 983 donantium

257 1003 546 1053 possessionem
591 1003 644 1040 ii⁶
688 1003 830 1054 quibus
876 1002 1063 1041 donatum
1096 1010 1154 1041 est
1184 1002 1477 1047 nanciscantur,
1524 1000 1671 1039 ualidas

258 1071 354 1097 esse.
416 1066 537 1098 restat
578 1066 639 1104 ut,
677 1059 710 1097 si
748 1059 851 1098 filius
884 1066 975 1098 tuus
1006 1059 1270 1098 inmoderatae
1300 1057 1540 1096 liberalitatis
1571 1057 1671 1095 effu-

258 1116 366 1154 sione
396 1116 678 1167 patrimonium
721 1128 838 1154 suum
870 1116 1060 1163 exhausit,
1092 1116 1198 1154 iuxta
1228 1116 1357 1166 legum
1388 1115 1526 1166 placita
1558 1127 1668 1166 prae·

258 1172 351 1210 sidis
382 1172 607 1223 prouinciae
637 1172 777 1211 auxilio
811 1173 946 1219 utaris,
978 1173 1044 1223 qui
1075 1173 1247 1211 discussa
1280 1173 1354 1210 fide
1386 1172 1480 1218 ueri,
1514 1172 1545 1210 si
1567 1172 1668 1209 inte-

256 1229 339 1279 gri⁶
372 1230 661 1268 restitutionem
693 1241 739 1267 ex
769 1229 836 1268 filii
868 1242 1033 1281 persona
1065 1237 1286 1281 competere
1317 1228 1386 1267 tibi
1416 1229 1464 1267 ob
1485 1227 1671 1279 inproba-

256 1285 373 1324 bilem
414 1286 634 1325 donationis
673 1287 946 1326 enormitatem
984 1286 1317 1331 animaduerterit,
1351 1285 1387 1323 in
1419 1284 1669 1323 remouendis

255 1342 315 1380 his
346 1355 444 1393 quae
474 1356 678 1394 perperam
710 1350 815 1393 gesta
846 1350 938 1382 sunt
969 1343 1038 1382 tibi
1070 1343 1287 1381 subueniet.
1343 1341 1547 1393 Proposita
1574 1340 1668 1379 1111⁷

254 1399 304 1436 id.
338 1398 427 1437 Feb.
460 1399 695 1438 Mediolani8
727 1399 893 1438 Maximo
924 1406 963 1438 et
992 1400 1174 1450 Aquilino
1206 1411 1334 1437 conss.
1359 1423 1402 1437 Ν

289 1467 378 1491 Schol-
399 1468 438 1491 ad
456 1474 479 1492 c.
494 1468 544 1491 282
565 1468 631 1491 init.
663 1465 704 1491 B’.
737 1465 913 1491 Communes
933 1474 980 1491 res
999 1466 1030 1491 in
1045 1465 1172 1491 solidum
1187 1464 1287 1490 donari
1302 1472 1358 1489 non
1372 1472 1456 1497 posse
1497 1463 1671 1489 donationes

290 1501 377 1526 etiam
409 1501 486 1526 inter
515 1501 652 1526 absentes
682 1509 766 1534 posse
795 1501 862 1527 fieri
892 1506 922 1527 et
940 1500 1055 1526 ualidas
1076 1508 1148 1531 esse,
1178 1500 1202 1525 si
1223 1508 1257 1525 ex
1277 1500 1431 1525 uoluntate
1452 1498 1622 1524 donantium
1641 1497 1672 1522 hi

291 1534 398 1570 quibus
418 1535 559 1562 donatum
579 1544 625 1562 est
644 1536 856 1562 nanciscuntur
875 1537 1091 1570 possessionem
1110 1544 1209 1562 rerum
1229 1535 1408 1561 donatarum.

288 1582 379 1607 Schol.
393 1583 432 1607 ad
445 1583 534 1607 uerba
548 1584 641 1606 restat
660 1586 703 1607 ut.
735 1581 835 1614 <Idem
847 1589 936 1615 supra
950 1581 1057 1615 pagina
1071 1580 1141 1605 VIII
1162 1586 1192 1606 et
1204 1580 1281 1605 infra
1294 1580 1401 1614 pagina
1414 1579 1467 1605 XV
1482 1583 1512 1606 et
1524 1576 1672 1611 XX1ss>⁹.

1754 1687 1830 1713 236..

344 1732 372 1753 c.
391 1720 455 1752 282
469 1735 514 1746 =
531 1720 607 1753 Cod.
627 1721 711 1753 lust.
731 1722 761 1761 8,
781 1722 834 1762 53,
853 1721 882 1753 6.
910 1721 1009 1763 Impp.
1027 1721 1134 1754 Diocl.
1160 1727 1194 1754 et
1218 1722 1352 1755 Maxim.
1372 1723 1444 1755 AA.
1462 1723 1670 1755 Aristianae.

252 1765 325 1797 Nec
354 1766 477 1807 ambigi
503 1785 546 1789 —
571 1767 702 1799 ualidas
729 1777 813 1799 esse.
860 1766 923 1799 PP.
948 1766 1004 1799 llll
1029 1768 1072 1799 id.
1097 1767 1200 1800 Febr.
1225 1768 1369 1800 Maximo
1395 1767 1423 1800 ΙΙ
1447 1774 1480 1800 et
1506 1769 1668 1810 Aquilino

253 1821 321 1842 eos.
347 1829 391 1834 —
421 1811 496 1844 Cod.
522 1812 608 1844 last.
637 1813 668 1851 3,
693 1812 746 1852 29,
772 1815 804 1844 4.
837 1811 936 1855 Impp.
956 1813 1060 1845 Dioel.
1089 1818 1122 1845 et
1148 1814 1282 1845 Maxim.
1309 1815 1380 1846 AA.
1406 1814 1592 1846 Aristinae.
1634 1814 1670 1846 Si

253 1856 343 1887 filius
369 1861 446 1888 tuus
473 1876 514 1880 —
540 1858 704 1897 exhausit,
733 1858 899 1900 praesidis
924 1858 1119 1900 prouinciae
1146 1859 1273 1891 auxilio
1300 1860 1418 1900 uteris,
1443 1860 1498 1902 qui
1522 1878 1565 1882 ——
1591 1858 1670 1891 suh-

251 1902 378 1941 ueniet‚
403 1903 540 1944 ideoque
568 1914 630 1934 non
657 1907 711 1935 est
734 1904 797 1935 tibi
816 1904 1042 1935 necessarium
1069 1905 1231 1936 aduersus
1257 1905 1452 1937 immodicas
1470 1905 1669 1937 donationes

251 1947 418 1978 auxilium
442 1948 482 1979 ad
509 1949 618 1980 instar
644 1948 827 1981 inofficiosi
853 1950 1057 1981 testamenti.
1109 1949 1183 1982 Dat.
1208 1949 1252 1983 VI
1276 1951 1321 1982 id.
1346 1950 1445 1982 Febr.
1471 1950 1617 1982 Maximo
1641 1949 1670 1982 Π

253 1996 286 2023 et
310 1992 468 2035 Aquilino
496 2004 606 2025 conSS.

343 2049 371 2069 c.
390 2038 454 2070 283
480 2054 523 2065 =
552 2038 628 2070 Cod.
656 2039 742 2072 last.
770 2040 801 2080 8,
828 2039 880 2080 54,
907 2039 937 2070 2.
980 2038 1080 2082 Impp.
1107 2040 1213 2072 Diocl.
1247 2045 1282 2072 et
1312 2040 1401 2073 Max.
1427 2040 1498 2072 AA.
1525 2039 1668 2072 Zenoni.

251 2081 287 2113 Si
308 2083 522 2125 praediorum
539 2085 769 2127 (praediorum
794 2085 936 2128 firmant
954 2085 1106 2125 basileca,
1124 2086 1166 2117 al.
1186 2097 1297 2118 rerum
1313 2086 1461 2127 tuarum)
1478 2087 1669 2128 proprieta-

250 2133 316 2160 tem
342 2147 384 2151 —
410 2130 552 2170 rediret,
578 2130 712 2161 donatio
739 2131 845 2170 ualet,
881 2141 952 2162 cum
979 2132 1079 2162 etiam
1103 2132 1143 2162 ad
1169 2136 1298 2173 tempus
1324 2137 1452 2163 certum
1476 2132 1531 2162 uel
1557 2132 1669 2163 incer-

249 2177 319 2205 tum
357 2184 396 2206 ea
433 2175 507 2206 fieri
546 2180 675 2217 potest,
714 2176 788 2216 lege
826 2175 960 2207 scilicet
998 2186 1082 2217 quae
1107 2177 1138 2208 ei
1164 2177 1322 2219 imposita
1347 2182 1399 2208 est
1424 2177 1666 2209 conseruanda.

249 2217 313 2250 PP.
340 2219 369 2252 V
394 2220 439 2251 id.
466 2220 566 2252 Mart.
592 2221 740 2252 Maximo
766 2220 793 2252 II
819 2225 854 2252 et
880 2221 1039 2263 Aquilino
1066 2232 1176 2254 conss.

342 2302 352 2332 1
386 2300 474 2332 ratio
501 2305 535 2332 et
562 2300 603 2333 V.
656 2299 667 2343 ΙΙ
719 2301 739 2332 2
765 2302 811 2332 ‘in
835 2304 993 2344 margine
1016 2302 1134 2335 uideor
1157 2304 1244 2334 milli
1264 2312 1398 2335 cernere
1420 2305 1516 2334 notas
1539 2302 1666 2344 aliquot

254 2342 479 2377 Tironianas'.
503 2344 625 2378 Maius.
664 2348 698 2377 in
723 2347 963 2390 subscriptione
986 2352 1139 2380 erratum
1161 2351 1229 2389 est;
1251 2359 1333 2380 nam
1356 2359 1435 2381 uere
1457 2349 1562 2380 liuius
1582 2350 1667 2380 anni

248 2389 497 2423 Diocletianum
524 2390 740 2423 Nicodemiae
773 2395 946 2424 moratum
981 2404 1050 2425 esse
1087 2397 1224 2426 constat.
1280 2393 1358 2426 uide
1387 2395 1666 2426 commentarium

247 2434 287 2466 de
310 2436 433 2468 subscr,
460 2436 676 2468 Diocletianis
698 2447 735 2479 p.
752 2438 830 2469 423.
870 2437 881 2479 ΙΙ
923 2439 942 2469 3
967 2440 1141 2471 Aristinae
1166 2438 1220 2471 uel
1242 2439 1438 2471 Aristianae
1466 2438 1548 2470 Iust.
1590 2438 1601 2480 ΙΙ
1641 2439 1664 2471 4

247 2481 390 2513 maxime
415 2483 534 2513 inserit
555 2482 637 2514 Just.
685 2481 696 2524 Η
743 2483 763 2514 5
787 2483 835 2514 hii
854 2483 896 2523 V,
921 2484 956 2515 hi
980 2483 1064 2516 Just.
1114 2484 1125 2527 ΙΙ
1167 2485 1186 2516 6
1212 2485 1245 2516 in
1271 2485 1438 2524 integrum
1462 2483 1548 2516 Iust.
1591 2484 1602 2526 ss
1644 2485 1661 2515 7

248 2536 298 2567 pp.
317 2525 373 2558 llII
390 2525 457 2559 ‘sic'
479 2526 530 2559 Vd
546 2530 575 2558 et
591 2527 675 2560 Just.
694 2527 714 2559 l.
735 2527 829 2568 VIII,
850 2539 899 2571 pp.
919 2528 958 2560 lll
981 2528 1060 2570 Vn't,
1085 2531 1151 2562 dat.
1170 2529 1213 2562 VI
1229 2529 1315 2562 Just.
1343 2529 1361 2560 l.
1380 2529 1441 2562 III.
1475 2531 1489 2567 ΙΙ
1521 2531 1540 2562 ὃ
1558 2532 1663 2562 immo

247 2570 475 2604 Nicomediae.
523 2572 601 2604 uide
630 2575 904 2606 commentarium
935 2574 975 2606 de
1003 2576 1128 2608 subscr.
1154 2574 1258 2607 Dt'ocl.
1288 2585 1319 2618 p.
1345 2576 1421 2607 423.
1475 2573 1487 2617 ΙΙ
1539 2576 1558 2608 9
1583 2576 1663 2608 haec

246 2618 373 2659 scripta
397 2620 477 2649 sunt
500 2628 605 2649 manu
631 2617 765 2650 diuersa
790 2618 889 2658 (uide
911 2630 1015 2663 supra
1035 2631 1070 2663 p.
1093 2621 1167 2659 16).
1207 2619 1218 2663 ΙΙ
1255 2621 1294 2653 10
1319 2620 1448 2652 Zenoni
1464 2620 1546 2652 Just.
1573 2618 1590 2664 Η
1622 2623 1658 2654 11

247 2663 459 2703 praediorum
483 2673 529 2694 θω-
553 2663 639 2696 lust.
664 2667 754 2696 recte
778 2663 922 2696 adsez’uic
945 2665 1192 2697 Buchlzoltzz'us.
