1828 3011
225 159 416 187 contnuo
437 151 470 190 6,
489 161 566 188 4—7.
713 177 828 180 —-—
893 153 975 193 160
1037 176 1153 180 ᾕ-

224 268 379 307 crimini
410 275 447 308 et
477 275 567 321 post
597 269 765 309 edictum
798 275 977 308 nostrum
1010 281 1088 307 non
1121 269 1310 309 dubitabit
1340 270 1505 309 inruere.
1554 269 1635 309 Dat.

110 346 135 364 a.
157 340 207 365 295
227 325 302 364 kal.
332 325 418 364 Mai.
451 326 637 364 Damasco
668 326 796 365 Tusco
827 332 865 364 et
895 324 1075 363 Anullino
1107 337 1213 364 cons.

82 383 114 426 6,
141 396 200 424 5,1
282 394 598 421 HERMOGEMANVS
630 382 702 420 sub
734 382 847 421 titulo
880 381 925 419 de
955 381 1107 432 nuptis:

336 439 459 490 Impp.
506 438 768 477 Diocletianus
814 444 852 477 et
896 437 1151 476 Maximianus
1197 438 1316 488 Augg.
1350 438 1407 477 Fl.
1439 438 1635 478 Flauiano.

224 494 304 540 His,
336 496 403 546 qui
433 495 600 534 incestas
632 495 787 546 nuptias
819 506 888 546 per
917 506 1087 532 errorem
1121 495 1368 542 contrahunt,
1415 507 1464 534 ne
1500 496 1636 547 poenis
1663 498 1684 532 5

224 551 477 598 subiciantur,
525 551 578 590 ita
627 551 785 589 demum
837 550 1041 589 clementia
1092 550 1311 602 principum
1362 552 1555 598 subuenit,
1607 552 1639 590 si

222 615 356 660 postea
388 620 503 659 quam
537 619 707 646 errorem
748 619 863 646 suum
908 607 1122 652 rescierint,
1160 608 1246 646 ilico
1285 607 1449 646 nefarias
1480 608 1638 659 nuptias

108 682 133 698 a.
151 673 203 698 291
229 665 467 704 diremerint.
528 664 642 715 Prop.
674 663 725 702 id.
756 664 868 702 Mart.
899 663 1132 714 [Tiberiano]
1163 671 1201 702 et
1231 663 1353 702 Dione
1383 676 1489 703 cons.

80 721 112 764 6,
138 733 163 763 e,
183 734 198 757 1
340 721 447 759 Hanc
477 733 633 771 quoque
665 720 984 759 constitutionem
1010 721 1267 771 Gregorianus
1291 720 1403 759 titulo
1425 721 1470 759 de
1491 722 1638 772 nuptiis

383 777 561 823 inseruit,
599 789 697 828 quae
735 782 794 816 est
825 777 1019 816 tricesima
1051 784 1089 815 et
1120 778 1300 823 secunda,
1333 777 1415 815 aliis
1438 783 1567 816 tamen
1600 784 1638 816 et
1667 781 1710 815 10

383 834 444 873 die
492 835 542 884 [et
588 836 724 881 cons.],
772 833 809 872 id
856 840 932 873 est:
976 833 1202 872 constitutio
1248 846 1357 885 prop.
1405 834 1435 872 V
1465 833 1515 872 id.
1555 834 1637 872 Iun.

108 915 133 931 a.
152 905 204 932 237
386 890 623 929 Diocletiano
655 896 715 929 ter
744 896 782 929 et
813 890 1044 929 Maximiano
1075 890 1272 941 Augustis.

277 959 496 986 PAPINIANVS
528 947 626 986 libro
658 946 844 998 singulari
876 948 922 985 de
954 947 1158 986 adulteris:

334 1004 409 1050 Qui
441 1003 586 1043 sororis
617 1003 734 1042 filiam
760 1016 920 1042 uxorem
944 1004 1108 1043 duxerat
1127 1016 1197 1055 per
1218 1015 1403 1047 errorem,
1427 1008 1635 1053 antequam

219 1062 516 1114 praeueniretur
557 1073 578 1098 a
623 1060 804 1107 delatore,
851 1060 1007 1099 diremit
1043 1060 1209 1099 coitum:
1253 1072 1396 1110 quaero
1432 1072 1480 1098 an
1512 1059 1638 1098 adhuc
1667 1063 1708 1098 15

219 1118 343 1171 possit
373 1115 577 1156 accusari?
618 1117 833 1168 respondit:
865 1117 898 1155 ei
929 1118 995 1168 qui
1026 1118 1128 1156 coitu
1157 1117 1301 1156 sororis
1323 1117 1420 1155 filiae
1443 1116 1542 1155 bona
1564 1116 1638 1154 fide

219 1174 418 1221 abstinuit,
456 1186 620 1225 poenam
659 1173 806 1212 remitti
844 1174 969 1225 palam
1002 1180 1071 1219 est,
1114 1174 1203 1225 quia
1225 1173 1292 1224 qui
1322 1185 1451 1212 errore
1483 1172 1637 1223 cognito

220 1231 377 1270 diremit
407 1231 566 1275 coitum,
612 1229 784 1269 creditur
813 1231 896 1269 eius
930 1230 1141 1269 uoluntatis
1163 1230 1294 1276 fuisse,
1336 1236 1390 1276 ut,
1437 1229 1469 1268 si
1501 1229 1639 1268 scisset

220 1302 261 1328 se
291 1289 330 1327 in
360 1300 404 1326 eo
435 1287 732 1326 necessitudinis
764 1287 883 1338 gradu
914 1287 1101 1339 positum,
1132 1300 1210 1326 non
1242 1287 1379 1325 fuisset
1406 1287 1479 1325 tale
1502 1286 1638 1325 matri-

221 1345 399 1384 monium
432 1344 696 1395 copulaturus.
1664 1346 1709 1380 20

93 1405 125 1445 6,
150 1414 175 1446 τ,
194 1416 209 1440 1
334 1401 440 1439 Idem
488 1400 629 1438 dicitur
658 1400 698 1438 in
741 1412 817 1445 eos,
865 1399 932 1449 qui
962 1399 1128 1438 incestas
1160 1400 1314 1450 nuptias
1345 1404 1636 1438 contraxerunt.

382 1456 574 1496 maledicti
621 1464 751 1494 tamen
798 1462 890 1494 sunt
934 1468 1070 1494 omnes
1115 1456 1252 1494 incesti
1282 1468 1350 1507 per
1380 1456 1516 1506 legem,
1548 1467 1637 1493 cum

383 1513 510 1552 adhuc
555 1513 718 1552 rudibus
764 1512 918 1564 populis
956 1525 1000 1551 ex
1034 1511 1167 1550 diuino
1199 1518 1299 1551 nutu
1331 1512 1483 1551 condita
1513 1511 1637 1550 isdem

382 1569 709 1621 adstipulantibus
741 1570 968 1608 sanciretur.
1031 1574 1069 1607 et
1112 1568 1245 1619 utique
1277 1581 1413 1608 omnes
1445 1567 1638 1607 maledicti

382 1626 512 1679 puniti
544 1632 648 1671 sunt,
681 1639 779 1677 quos
811 1625 941 1665 diuina
975 1632 1010 1665 et
1042 1626 1211 1665 humana
1243 1627 1434 1665 sententia
1465 1637 1636 1664 consona
1663 1630 1707 1665 25

378 1696 474 1722 uoce
508 1684 722 1722 damnauit.
783 1683 843 1721 lex
875 1682 1006 1721 diuina
1039 1682 1094 1721 sic
1125 1682 1234 1721 dicit:

334 1740 573 1787 Maledictus,
619 1739 761 1791 inquit,
807 1740 903 1779 dixit
948 1751 1101 1786 MOYSES,
1148 1739 1215 1790 qui
1255 1738 1511 1778 concubuerit
1547 1750 1635 1777 cum

311 1842 340 1863 c.
369 1832 396 1863 7.
452 1831 689 1863 Deuteronom.
727 1831 785 1863 27:
822 1831 895 1872 (20)
933 1826 1190 1875 ἒπικατάρατος
1231 1828 1250 1862 ὁ
1289 1826 1514 1883 κοιμώμενος
1547 1829 1638 1874 μετὰ

219 1874 389 1920 γυναικὸς
423 1876 486 1908 τοῦ
521 1874 659 1921 πατρὸς
697 1874 807 1908 αὐτοῦ
924 1876 986 1908 καὶ
1021 1875 1143 1920 ἐροῦσι
1184 1875 1257 1912 πᾶς
1298 1873 1316 1908 ὁ
1354 1872 1456 1913 λαός·
1487 1877 1639 1920 γένοιτο.

222 1950 319 1957 ‘Ape-2.»

416 1950 609 1957 ΜΛΛΆΜΛ»
610 1950 723 1956 ,νυ-ΛΑΝ
724 1949 819 1956 ΗΜ
822 1950 926 1956 sav-»N
927 1950 1055 1956 aeaeaeaeaevs
1057 1950 1235 1957 [NNAWJ
1245 1950 1310 1956 ΗΝ

316 1990 328 2021 1
357 1988 526 2019 dubitauit
545 1986 636 2020 VW.
670 1986 682 2030 Η
715 1986 846 2020 infuere
873 1987 912 2019 Β.
947 1986 958 2030 {l
992 1988 1011 2018 2
1037 1988 1142 2019 maias
1162 1988 1198 2028 Β,
1224 1951 1351 2028 magias
1367 1986 1408 2027 V,
1434 1988 1561 2019 madias
1582 1985 1638 2019 W.

221 2034 372 2065 damasco
398 2039 493 2064 tusco
519 2037 554 2064 et
579 2033 716 2065 anolino
743 2032 848 2064 consl.
877 2033 916 2073 B,
948 2034 1101 2065 damasco
1134 2038 1169 2065 et
1197 2039 1292 2065 tusco
1313 2033 1355 2074 V,
1374 2044 1435 2065 om.
1469 2031 1524 2072 JV,
1550 2032 1640 2064 deest

221 2081 256 2110 in
287 2077 383 2110 libris
406 2078 475 2110 cod.
501 2078 585 2110 lust.
639 2077 650 2121 Η
703 2079 722 2109 3
748 2079 851 2109 herm.
878 2079 937 2109 sub
969 2079 1072 2110 titulo
1099 2080 1138 2110 de
1164 2079 1289 2121 nuptis]
1315 2078 1352 2118 Β,
1385 2079 1423 2110 de
1450 2079 1574 2120 nuptiis
1594 2077 1639 2119 V,

220 2134 284 2156 om.
305 2122 360 2156 W.
399 2123 410 2166 11
444 2125 465 2155 4
492 2123 749 2165 imperatoribus
769 2122 823 2156 W.
852 2121 867 2164 ΙΙ
896 2124 1114 2156 dioclitianus
1132 2124 1170 2163 Β,
1196 2124 1381 2156 diodetiaui
1401 2122 1457 2156 W.
1490 2122 1501 2166 ΙΙ
1535 2124 1640 2155 maxi-

220 2169 324 2201 miani
351 2167 407 2201 W.
453 2167 464 2209 11
505 2169 568 2209 :ig—g
592 2169 631 2208 B,
661 2174 821 2209 augustos
842 2167 898 2201 W.
940 2168 950 2209 Η
992 2171 1024 2201 ss.
1050 2180 1114 2202 om.
1131 2168 1227 2202 VW.
1271 2168 1282 2212 ΙΙ
1323 2171 1341 2201 5
1367 2170 1420 2201 his
1444 2179 1511 2200 om.
1531 2167 1587 2201 W.
1628 2167 1639 2211 11

222 2216 368 2247 incertas
393 2213 486 2247 VW.
528 2214 539 2256 ΙΙ
588 2215 607 2246 6
634 2214 844 2246 clementiam
864 2213 956 2247 VW.
1000 2213 1011 2257 Η
1053 2216 1070 2245 7
1097 2217 1203 2257 quam]
1230 2225 1302 2246 cum
1322 2213 1377 2247 W.
1420 2215 1430 2256 ΙΙ
1472 2215 1641 2246 rescirent

223 2258 300 2293 Wa.
342 2258 353 2302 ΙΙ
391 2261 484 2299 ilico]
510 2260 566 2291 illi
588 2269 716 2302 quoque
742 2258 797 2291 W.
832 2258 842 2302 Η
878 2260 896 2291 8
924 2271 1014 2302 prop.
1040 2260 1085 2292 ad
1107 2271 1138 2292 u.
1159 2260 1200 2292 13
1225 2260 1391 2301 singulari
1416 2269 1479 2291 om.
1502 2257 1594 2292 VW.
1629 2258 1640 2301 ΙΙ

220 2305 388 2337 tiberiano
407 2316 469 2338 om.
491 2305 531 2337 B.
572 2304 583 2346 ΙΙ
625 2305 764 2344 diogene
782 2304 819 2336 B.
863 2304 873 2348 ΙΙ
918 2307 951 2339 11
984 2311 1019 2338 et
1044 2316 1135 2337 cons.
1161 2316 1225 2338 om.
1244 2306 1283 2338 B.
1324 2306 1335 2347 Η
1376 2305 1414 2338 12
1439 2304 1640 2337 dioclitiano

221 2351 259 2383 Β.
307 2349 318 2392 ΙΙ
369 2352 408 2383 13
439 2351 479 2382 de
504 2351 671 2382 adulteris
696 2351 872 2389 (adulterii
900 2351 927 2383 B
951 2350 1032 2391 ind.)
1056 2351 1130 2392 BV,
1161 2352 1247 2383 idem
1267 2349 1323 2383 W.
1365 2349 1377 2391 ΙΙ
1422 2350 1461 2382 14
1486 2350 1553 2392 qui]
1580 2361 1641 2392 que

221 2394 305 2437 ΒΙΙ
339 2395 409 2428 filia
429 2396 472 2428 V.
507 2394 518 2438 11
551 2406 691 2427 uxorem
717 2397 860 2427 duxerat
885 2406 945 2438 per
970 2407 1120 2429 errorem
1145 2397 1330 2435 (ererorem
1348 2395 1402 2435 B)]
1423 2406 1481 2438 per
1499 2405 1566 2427 err.
1584 2405 1640 2428 ux.

223 2421 361 2473 duxerit
380 2440 435 2474 W.
478 2439 489 2484 11
533 2442 573 2474 15
599 2441 837 2484 perueniretur
854 2441 892 2473 B.
927 2441 937 2485 ΙΙ
972 2452 990 2474 a
1016 2442 1198 2474 delatorem
1217 2441 1261 2481 V
1286 2441 1506 2473 ahelatiorem
1526 2439 1582 2474 W.
1630 2440 1641 2484 ΙΙ

223 2486 351 2518 dirimit
375 2487 521 2519 cohitum
548 2486 587 2527 Β,
619 2487 756 2519 dirimet
785 2487 932 2519 choitum
963 2486 1020 2527 W,
1045 2487 1229 2519 diiimitum
1249 2485 1289 2519 V.
1342 2484 1353 2528 ΙΙ
1409 2486 1448 2519 16
1475 2494 1499 2523 13<
1519 2484 1575 2519 W.
1629 2487 1640 2530 ΙΙ

224 2532 266 2571 ei]
299 2537 333 2563 et
357 2531 443 2564 libri.
488 2531 500 2574 ΙΙ
540 2511 643 2571 coitu]
668 2533 801 2575 semp-si,
831 2529 1041 2565 coniunctae
1055 2533 1143 2565 libri.
1186 2530 1197 2575 Η
1240 2532 1280 2563 18
1313 2541 1462 2563 errorem
1492 2532 1582 2563 libri.
1628 2533 1640 2570 ΙΙ

222 2577 352 2609 dirimit
384 2576 439 2610 W.
482 2576 493 2620 ΙΙ
536 2578 628 2609 coitu
650 2578 694 2611 V.
735 2577 746 2621 ΙΙ
789 2578 998 2611 creditorV.
1040 2577 1050 2621 ΙΙ
1085 2577 1269 2619 uoluptatis
1288 2576 1330 2609 V.
1366 2577 1426 2620 111
1414 2578 1452 2610 19
1478 2579 1582 2616 grado
1601 2577 1639 2613 B,

223 2622 360 2662 gradum
388 2621 444 2655 W.
497 2621 508 2665 11
562 2623 603 2655 20
634 2623 732 2655 talem
759 2623 844 2655 lzbrz'.
898 2622 909 2666 Η
963 2624 1001 2656 21
1041 2624 1164 2655 dicitur
1202 2623 1235 2654 in
1275 2633 1332 2654 eos
1369 2623 1437 2664 qui]
1474 2621 1563 2663 BW,
1601 2623 1640 2654 de

222 2668 275 2699 his
300 2668 342 2699 V.
375 2666 386 2710 ΙΙ
420 2668 569 2700 incertas
585 2667 677 2702 VW.
719 2667 729 2711 ΙΙ
773 2668 814 2699 22
840 2669 981 2701 incestis
999 2669 1038 2709 Β,
1063 2669 1185 2701 incerti
1205 2666 1297 2700 VW.
1341 2667 1351 2711 Η
1391 2669 1464 2708 lege
1482 2668 1520 2701 B.
1555 2667 1566 2711 ΙΙ
1599 2667 1640 2699 23

224 2717 303 2744 noto
322 2713 378 2754 Bb,
405 2718 485 2746 notu
503 2714 561 2746 Ba.
605 2714 615 2757 ΙΙ
656 2714 783 2747 hisdem
802 2713 893 2747 VW.
935 2713 945 2757 ΙΙ
987 2715 1030 2746 24
1055 2713 1339 2756 abstipulantibus
1364 2713 1453 2746 libri.
