1828 3011
247 166 440 193 COLLA'no
462 156 517 197 16,
537 168 615 193 3-4.
736 175 853 180 ———
919 158 1000 197 196
1063 175 1179 178 ——

245 280 428 324 cognatos
465 287 559 313 uero
600 274 728 325 agnati
757 286 837 312 11011
869 272 1252 323 conprehendantur.
1313 278 1351 311 et
1381 272 1466 312 ideo
1497 278 1661 324 patruus

245 336 406 381 agnatus
437 337 496 369 est
527 336 564 369 et
595 336 798 380 cognatus,
832 328 1050 368 auunculus
1088 334 1217 367 autem
1256 334 1441 379 cognatus
1483 334 1660 368 tantum—

107 386 234 428 16,3,15
247 387 361 425 modo
393 393 463 425 est.
525 386 802 436 consanguinei
834 390 926 423 sunt
957 384 1090 423 eodem
1115 390 1223 435 patre
1251 385 1342 431 nati,
1373 385 1462 424 licet
1494 385 1660 424 diuersis

247 442 449 488 matribus,
482 443 549 493 qui
580 442 620 480 in
652 447 841 493 potestate
874 443 1034 479 suerunt
1065 440 1203 479 mortis
1227 446 1419 492 tempore:
1452 441 1659 492 adoptiuus

244 511 398 549 quoque
430 500 559 543 frater,
593 498 624 536 si
656 510 734 536 non
768 497 818 536 sit
849 496 1126 548 emancipatus,
1160 502 1197 535 et
1228 496 1267 534 hi
1295 497 1361 547 qui
1381 503 1471 548 post
1492 503 1658 536 mortem
1685 500 1706 534 5

190 562 224 586 16
244 556 365 606 patris
398 554 476 593 nati
509 560 601 592 sunt
633 554 695 592 uel
726 565 880 592 causam
914 553 1194 604 probauerunt.
1257 565 1367 591 soror
1388 555 1470 592 iure
1492 565 1660 592 consan-

244 610 442 661 guinitatis
474 616 551 648 tam
585 610 628 648 ad
662 610 793 648 fratris
824 621 940 659 quam
973 609 1019 647 ad
1042 609 1185 648 sororis
1208 609 1464 647 hereditatem
1485 609 1660 648 admitti-

190 673 222 698 1⁷
244 674 321 705 tur.
382 665 681 716 consanguineis
712 678 790 704 non
824 665 1082 704 existentibus
1120 664 1269 715 agnatis
1302 665 1474 704 defertur
1505 665 1660 704 heredi-

243 729 313 768 tas,
353 727 470 772 prout
508 722 595 772 quis
633 722 795 760 alterum
835 722 955 772 gradu
994 721 1258 772 praecesserit.
1326 721 1430 772 quod
1467 721 1500 759 si
1529 721 1659 772 plures

190 789 224 812 18
245 778 379 817 eodem
413 778 533 828 gradu
565 778 798 825 consistunt,
832 778 949 817 simul
979 777 1254 817 admittuntur.
1314 778 1346 816 si
1379 777 1457 816 sint
1487 777 1660 816 defuncti
1689 781 1731 815 10

242 834 373 873 fratris
414 840 453 872 et
490 834 592 873 filius
630 841 668 873 et
708 847 830 885 nepos
870 837 988 873 fratre
1028 846 1107 872 non
1151 834 1352 879 existente,
1391 834 1493 873 filius
1529 833 1660 872 fratris

190 895 223 919 19
243 890 375 941 nepoti
405 890 635 941 praefertur.
698 892 762 929 sed
796 890 827 929 si
859 890 1027 929 duorum
1059 891 1223 929 fratrum
1258 890 1337 929 sint
1356 889 1479 937 liberi,
1511 902 1589 928 non
1620 889 1661 927 in

241 947 394 997 stirpes,
441 946 507 984 sed
544 947 584 985 in
622 947 745 998 capita
787 947 979 986 hereditas
1023 946 1281 993 distribuitur,
1329 946 1475 985 scilicet
1510 952 1555 984 ut
1590 957 1661 997 pro

188 1009 406 1041 201111111010
452 1002 695 1053 singulorum
742 1002 889 1042 uiritim
928 1003 1187 1042 distribuatur
1223 1003 1428 1042 hereditas.
1494 1001 1660 1042 feminae

240 1059 284 1097 ad
325 1058 557 1097 hereditates
595 1059 786 1110 legitimas
830 1060 929 1098 ultra
970 1059 1348 1110 consanguineorum
1393 1059 1659 1098 successiones
1689 1062 1730 1096 15

240 1128 318 1154 11011
351 1115 630 1154 admittuntur:
661 1116 699 1154 id
731 1117 834 1167 quod
862 1117 945 1154 iure
968 1116 1073 1154 ciuili
1095 1116 1312 1154 Voconiana
1334 1116 1483 1155 ratione
1504 1115 1661 1154 uidetur

241 1172 439 1210 effectum:
473 1178 645 1210 ceterum
672 1173 733 1211 lex
755 1173 960 1212 duodecim
983 1172 1201 1211 tabularum
1226 1172 1309 1211 sine
1330 1173 1406 1211 ulla
1428 1171 1660 1211 discretione

240 1240 355 1266 sexus
388 1227 570 1266 admittit.

101 1291 154 1330 16,
172 1302 226 1331 4‚1
297 1296 478 1322 VLPIANVS
515 1284 613 1322 libro
652 1284 838 1335 singulari
873 1285 1121 1335 [regularum]
1153 1284 1225 1323 sub
1256 1284 1368 1324 titulo
1401 1284 1447 1323 de
1477 1283 1659 1334 legitimis

410 1340 714 1380 hereditatibus:
1687 1345 1731 1379 20
1799 1363 1805 1387 1

350 1395 627 1434 Intestatorum
669 1396 953 1447 gentiliciorum
991 1396 1227 1435 hereditates
1258 1397 1457 1447 pertinent
1486 1395 1658 1447 primum

236 1451 283 1489 ad
315 1464 407 1490 suos
440 1452 614 1498 heredes,
646 1452 683 1491 id
716 1459 774 1491 est
805 1453 948 1491 liberos
980 1452 1047 1502 qui
1078 1453 1116 1490 in
1147 1458 1338 1503 potestate
1370 1457 1462 1491 sunt
1488 1458 1660 1491 ceteros-

235 1520 309 1557 que
347 1508 414 1558 qui
450 1508 662 1546 liberorum
701 1509 785 1547 loco
833 1514 944 1548 sunt:
993 1508 1026 1546 si
1063 1508 1123 1547 sui
1160 1509 1320 1547 heredes
1359 1520 1438 1546 non
1470 1513 1574 1555 sunt,
1613 1508 1658 1547 ad

235 1563 557 1614 consanguineos,
597 1564 635 1602 id
675 1571 735 1603 est
771 1566 910 1604 fratres
948 1571 985 1603 et
1024 1577 1176 1603 sorores
1216 1577 1260 1603 ex
1293 1564 1427 1603 eodem
1459 1570 1585 1615 patre:
1628 1564 1660 1603 si

327 1653 353 1674 c.
382 1642 411 1681 3,
441 1643 572 1676 15—17
598 1644 673 1674 hinc
699 1646 778 1676 rest.
805 1643 938 1675 Paulus
962 1646 1045 1675 sent.
1072 1644 1103 1685 4,
1130 1644 1160 1684 8,
1189 1644 1330 1676 15-17.

326 1698 354 1718 c.
381 1688 412 1727 3,
441 1688 479 1719 18
498 1703 541 1713 =
559 1688 687 1720 Paulus
711 1692 792 1720 sent.
819 1689 850 1727 4,
878 1688 907 1726 8,
937 1689 986 1721 18.

326 1743 352 1764 c.
381 1733 411 1771 3,
441 1733 480 1764 19
505 1733 581 1764 hinc
606 1736 682 1765 rest.
709 1733 840 1765 Paulus
864 1736 947 1765 sent.
975 1735 1005 1774 4,
1034 1734 1084 1774 18,
1116 1734 1166 1765 19.

325 1788 351 1809 c.
380 1780 410 1817 ὃ,
439 1777 480 1809 20
497 1793 541 1804 z
561 1778 689 1809 Paulus
714 1781 796 1810 sent.
822 1779 854 1817 4,
883 1780 913 1819 8,
940 1779 992 1810 20.

324 1833 350 1854 c.
378 1823 411 1862 4,
439 1823 518 1854 1=
538 1822 705 1866 l'lpiazzus
730 1834 800 1865 reg.
827 1824 882 1865 26,
913 1826 937 1857 1.

1156 1895 1225 1902 «mx

480 1894 505 1900 ›v-
513 1894 630 1902 sJJJJJ.

782 1895 849 1902 m

331 1933 342 1963 1
374 1934 546 1972 cognatos]
573 1938 713 1972 agnatos
739 1931 812 1964 BV.
855 1932 865 1975 11
908 1933 926 1964 2
952 1935 1106 1973 agnatus]
1133 1938 1167 1965 et
1192 1944 1265 1974 agn.
1292 1933 1432 1965 Paulus
1476 1931 1485 1975 11
1527 1937 1655 1965 tantum

232 1976 341 2016 niodo]
368 1982 497 2009 tantum
522 1978 652 2008 modum
672 1978 710 2017 B,
736 1979 831 2009 modo
853 1977 908 2011 W.
952 1977 962 2020 11
1005 1979 1022 2010 3
1055 1984 1108 2010 est
1132 1989 1195 2010 om.
1226 1979 1366 2010 Paulus.
1410 1978 1419 2020 11
1461 1983 1589 2020 patrem
1615 1976 1654 2009 B.

235 2021 245 2063 11
277 2023 296 2052 4
324 2022 441 2063 quibus
468 2023 499 2053 in
527 2033 556 2064 p.
583 2021 711 2054 fuerint
738 2021 840 2065 11.11
874 2023 893 2054 6
921 2024 1008 2064 patri
1035 2023 1072 2055 B.
1108 2022 1118 2065 11
1150 2034 1250 2055 causa
1275 2024 1363 2056 libri.
1394 2022 1404 2065 11
1435 2023 1655 2065 probueraint

233 2065 290 2099 W.
334 2066 343 2108 11
386 2067 624 2107 sanguinitatis
652 2066 761 2107 11.1
805 2068 823 2099 8
858 2069 989 2108 agentis
1023 2047 1179 2100 differtur
1199 2067 1254 2100 ll.
1299 2069 1308 2111 11
1350 2069 1369 2100 9
1395 2069 1532 2109 gradum
1564 2066 1653 2099 Ιίὒιί.

231 2110 241 2153 11
287 2114 326 2144 10
354 2113 468 2143 eodem
494 2113 631 2152 gradum
658 2111 695 2149 Β,
726 2090 858 2144 eosdem
884 2114 1006 2153 grados
1026 2112 1082 2146 IV.
1126 2114 1135 2156 11
1177 2115 1207 2145 si
1241 2115 1286 2145 sit
1310 2113 1419 2145 frater
1445 2111 1594 2144 defuncti
1621 2117 1654 2144 et

231 2156 350 2188 fratris
378 2157 466 2188 filius
494 2162 527 2188 et
552 2167 654 2198 nepos
679 2159 798 2199 (nepus
816 2156 859 2197 B)
885 2158 973 2198 ljffl,
999 2158 1026 2190 si
1053 2159 1122 2190 sint
1147 2158 1272 2190 fratres
1297 2158 1444 2191 defuncti
1470 2163 1504 2189 et
1528 2156 1653 2188 fratres

231 2202 296 2232 filii
328 2201 384 2232 uel
419 2206 556 2243 nepotes
583 2201 688 2233 Pauli
719 2203 804 2243 libri,
842 2203 1032 2235 emendante
1056 2203 1217 2246 Iz'megffler
1262 2203 1272 2246 11
1318 2205 1354 2236 11
1382 2202 1500 2242 fratre]
1526 2201 1652 2233 fratres

232 2245 321 2277 etB.
356 2245 365 2287 11
401 2246 647 2286 existentesB,
673 2249 873 2279 einstentem
894 2247 951 2280 ll
990 2249 999 2290 11
1039 2248 1331 2290 12pe1·ferturB.
1369 2248 1378 2291 11
1415 2248 1455 2280 14
1480 2257 1651 2279 numerum

233 2289 289 2323 W.
331 2292 344 2331 11
384 2292 507 2323 uirium
533 2291 571 2331 B,
604 2292 672 2323 iuri
698 2291 754 2324 11.
798 2292 807 2333 11
851 2293 1069 2325 distribuitur
1089 2293 1145 2326 1Γ.
1189 2292 1198 2335 11
1245 2295 1282 2326 15
1316 2292 1652 2332 consanguineorum]

231 2336 393 2375 Huschke,
420 2336 684 2376 consanguineos
705 2336 763 2377 W,
790 2340 1055 2378 consanguineas
1075 2338 1112 2370 Β.
1149 2338 1158 2381 [1
1192 2340 1231 2371 16
1257 2339 1479 2370 admittantur
1497 2336 1535 2378 B,
1554 2337 1652 2368 amit-

231 2386 347 2413 tantur
367 2380 424 2414 W.
458 2380 468 2423 11
504 2382 535 2413 id
556 2382 652 2423 quod]
672 2381 709 2419 B,
737 2383 771 2414 hi
797 2383 883 2424 quod
903 2382 960 2424 ll',
988 2385 1084 2426 idque
1102 2383 1240 2416 Paulus.
1275 2382 1285 2425 11
1320 2383 1460 2414 uoconia
1486 2382 1651 2414 rationem

231 2425 269 2464 B,
297 2427 439 2458 uoconia
465 2428 662 2458 narratione
687 2428 829 2467 Paulus,
860 2409 1128 2461 conitirationem
1149 2427 1204 2461 W.
1239 2428 1249 2470 11
1288 2429 1327 2461 17
1353 2429 1424 2460 sine
1449 2428 1532 2467 ulla]
1558 2427 1649 2458 nulla

231 2471 370 2504 Paulus.
406 2470 415 2513 11
451 2471 656 2504 discretione
683 2475 796 2511 sexus]
821 2453 958 2512 ivamus,
985 2474 1268 2522 discreptationes
1288 2484 1328 2505 ex
1346 2474 1398 2504 his
1417 2472 1457 2512 B,
1483 2473 1652 2514 discepta-

231 2517 354 2548 tionem
380 2527 476 2548 sexus
497 2515 553 2549 W.
589 2517 600 2559 11
630 2519 705 2548 ante
731 2518 882 2550 admittit
906 2521 969 2551 ins
989 2514 1149 2560 cog'natos
1174 2519 1342 2557 (cognatis
1362 2517 1413 2550 W
1418 2518 1527 2558 )li·b⁷z·
1540 2518 1652 2549 nostri

230 2564 260 2592 et
278 2561 391 2602 Pauli,
416 2561 502 2603 quod
524 2563 633 2594 malui
655 2562 762 2594 delere
787 2573 885 2605 quam
910 2567 1052 2596 mutare.
1083 2563 1093 2606 11
1130 2565 1167 2596 19
1192 2564 1258 2605 ulp.
1284 2564 1370 2595 libro
1396 2564 1562 2604 singulari
1586 2562 1649 2603 (cf.

228 2606 702 2648 p.143,10.156,8)s.t.
730 2607 767 2648 B,
796 2619 858 2639 om.
880 2607 935 2640 W.
988 2609 997 2652 11
1047 2610 1088 2641 20
1114 2609 1291 2641 heredibus
1318 2607 1497 2651 leimzus.
1545 2607 1555 2649 11
1607 2608 1645 2639 21

230 2652 493 2692 gentiliciorum]
526 2653 745 2692 ingenuorum
778 2653 957 2696 llchanus
1001 2654 1011 2696 11
1052 2654 1094 2685 22
1126 2654 1321 2694 liberorum]
1352 2653 1392 2691 B,
1424 2654 1456 2685 in
1490 2654 1511 2685 l.
1540 2652 1590 2685 W
1617 2653 1650 2683 et

232 2694 373 2738 leiam'
396 2697 488 2730 lzber.
519 2696 530 2739 11
561 2700 650 2737 sunt]
670 2697 848 2741 lez'anus,
875 2700 944 2731 sint
969 2699 1056 2732 libri.
1089 2699 1171 2741 1124
1197 2701 1243 2738 et]
1269 2703 1327 2731 aut
1345 2678 1438 2741 11Γ.11
1465 2703 1592 2741 patrem
1610 2696 1648 2728 B.
