<?xml version="1.0" encoding="UTF-8"?>
<!DOCTYPE html PUBLIC "-//W3C//DTD XHTML 1.0 Transitional//EN"
    "http://www.w3.org/TR/xhtml1/DTD/xhtml1-transitional.dtd">
<html xmlns="http://www.w3.org/1999/xhtml" xml:lang="en" lang="en">
 <head>
  <title>
</title>
<meta http-equiv="Content-Type" content="text/html;charset=utf-8" />
  <meta name='ocr-system' content='tesseract 3.04.00' />
  <meta name='ocr-capabilities' content='ocr_page ocr_carea ocr_par ocr_line ocrx_word'/>
</head>
<body>
  <div class='ocr_page' id='page_1' title='image "./collectiolibroru03krue_0213.png"; bbox 0 0 1823 3016; ppageno 0'>
   <div class='ocr_carea' id='block_1_1' title="bbox 1219 134 1639 175">
    <p class='ocr_par' dir='ltr' id='par_1_1' title="bbox 1219 134 1639 175">
     <span class='ocr_line' id='line_1_1' title="bbox 1219 134 1639 175; baseline 0.01 -8"><span class='ocrx_word' id='word_1_1' title='bbox 1219 141 1488 169; x_wconf 64' lang='lat' dir='ltr'>coxsvmssm</span> <span class='ocrx_word' id='word_1_2' title='bbox 1514 134 1542 175; x_wconf 89' lang='lat' dir='ltr'>l,</span> <span class='ocrx_word' id='word_1_3' title='bbox 1562 146 1639 171; x_wconf 84' lang='lat'>1—7.</span> 
     </span>
    </p>
   </div>
   <div class='ocr_carea' id='block_1_2' title="bbox 115 558 1641 2536">
    <p class='ocr_par' dir='ltr' id='par_1_2' title="bbox 125 558 1641 784">
     <span class='ocr_line' id='line_1_2' title="bbox 125 558 1640 606; baseline 0.004 -7"><span class='ocrx_word' id='word_1_4' title='bbox 125 559 192 599; x_wconf 83' lang='lat' dir='ltr'>l‚1</span> <span class='ocrx_word' id='word_1_5' title='bbox 333 558 571 599; x_wconf 88' lang='lat' dir='ltr'>Consuluisti</span> <span class='ocrx_word' id='word_1_6' title='bbox 613 573 685 606; x_wconf 88' lang='lat' dir='ltr'>me,</span> <span class='ocrx_word' id='word_1_7' title='bbox 730 567 861 600; x_wconf 89' lang='lat' dir='ltr'>utrum</span> <span class='ocrx_word' id='word_1_8' title='bbox 901 561 1003 600; x_wconf 90' lang='lat' dir='ltr'>inter</span> <span class='ocrx_word' id='word_1_9' title='bbox 1040 561 1200 600; x_wconf 86' lang='lat' dir='ltr'>fratrem</span> <span class='ocrx_word' id='word_1_10' title='bbox 1233 568 1271 601; x_wconf 86' lang='lat' dir='ltr'>et</span> <span class='ocrx_word' id='word_1_11' title='bbox 1302 575 1476 603; x_wconf 81' lang='lat' dir='ltr'>sororem</span> <span class='ocrx_word' id='word_1_12' title='bbox 1509 565 1640 605; x_wconf 85' lang='lat' dir='ltr'>habita</span> 
     </span>
     <span class='ocr_line' id='line_1_3' title="bbox 217 616 1638 671; baseline 0.005 -17"><span class='ocrx_word' id='word_1_13' title='bbox 217 616 265 654; x_wconf 88' lang='lat' dir='ltr'>de</span> <span class='ocrx_word' id='word_1_14' title='bbox 304 616 422 655; x_wconf 86' lang='lat' dir='ltr'>rebus</span> <span class='ocrx_word' id='word_1_15' title='bbox 466 616 685 655; x_wconf 90' lang='lat' dir='ltr'>diuidendis</span> <span class='ocrx_word' id='word_1_16' title='bbox 717 617 844 668; x_wconf 82' lang='lat' dir='ltr'>pactio</span> <span class='ocrx_word' id='word_1_17' title='bbox 876 618 1063 657; x_wconf 86' lang='lat' dir='ltr'>uirtutem</span> <span class='ocrx_word' id='word_1_18' title='bbox 1096 618 1262 670; x_wconf 78' lang='lat' dir='ltr'>aliquam</span> <span class='ocrx_word' id='word_1_19' title='bbox 1297 621 1421 671; x_wconf 78' lang='lat' dir='ltr'>possit</span> <span class='ocrx_word' id='word_1_20' title='bbox 1451 622 1638 661; x_wconf 86' lang='lat' dir='ltr'>retinere:</span> 
     </span>
     <span class='ocr_line' id='line_1_4' title="bbox 217 673 1641 725; baseline 0.006 -15"><span class='ocrx_word' id='word_1_21' title='bbox 217 685 335 723; x_wconf 83' lang='lat' dir='ltr'>quam</span> <span class='ocrx_word' id='word_1_22' title='bbox 375 680 502 712; x_wconf 88' lang='lat' dir='ltr'>tamen</span> <span class='ocrx_word' id='word_1_23' title='bbox 540 673 758 725; x_wconf 81' lang='lat' dir='ltr'>pactionem</span> <span class='ocrx_word' id='word_1_24' title='bbox 794 674 888 712; x_wconf 87' lang='lat' dir='ltr'>dicis</span> <span class='ocrx_word' id='word_1_25' title='bbox 929 675 1132 713; x_wconf 89' lang='lat' dir='ltr'>mulierem</span> <span class='ocrx_word' id='word_1_26' title='bbox 1164 676 1267 714; x_wconf 86' lang='lat' dir='ltr'>illam</span> <span class='ocrx_word' id='word_1_27' title='bbox 1304 683 1409 716; x_wconf 91' lang='lat' dir='ltr'>metu</span> <span class='ocrx_word' id='word_1_28' title='bbox 1442 679 1570 718; x_wconf 87' lang='lat' dir='ltr'>mariti</span> <span class='ocrx_word' id='word_1_29' title='bbox 1603 685 1641 718; x_wconf 87' lang='lat' dir='ltr'>et</span> 
     </span>
     <span class='ocr_line' id='line_1_5' title="bbox 216 729 1639 784; baseline 0.005 -17"><span class='ocrx_word' id='word_1_30' title='bbox 216 729 380 780; x_wconf 90' lang='lat' dir='ltr'>imperio</span> <span class='ocrx_word' id='word_1_31' title='bbox 414 730 692 782; x_wconf 76' lang='lat' dir='ltr'>subscripsisse</span> <span class='ocrx_word' id='word_1_32' title='bbox 724 737 762 769; x_wconf 88' lang='lat' dir='ltr'>ct</span> <span class='ocrx_word' id='word_1_33' title='bbox 790 730 999 781; x_wconf 80' lang='lat' dir='ltr'>ignorasse,</span> <span class='ocrx_word' id='word_1_34' title='bbox 1032 744 1130 783; x_wconf 85' lang='lat' dir='ltr'>quae</span> <span class='ocrx_word' id='word_1_35' title='bbox 1152 733 1215 771; x_wconf 88' lang='lat' dir='ltr'>uel</span> <span class='ocrx_word' id='word_1_36' title='bbox 1237 733 1369 784; x_wconf 85' lang='lat' dir='ltr'>quales</span> <span class='ocrx_word' id='word_1_37' title='bbox 1392 735 1639 774; x_wconf 83' lang='lat' dir='ltr'>condiciones</span> 
     </span>
    </p>

    <p class='ocr_par' dir='ltr' id='par_1_3' title="bbox 123 785 1640 953">
     <span class='ocr_line' id='line_1_6' title="bbox 123 785 1638 840; baseline 0.004 -15"><span class='ocrx_word' id='word_1_38' title='bbox 123 791 155 835; x_wconf 92' lang='lat'>1,</span> <span class='ocrx_word' id='word_1_39' title='bbox 181 785 291 837; x_wconf 85' lang='lat' dir='ltr'>2ipsi</span> <span class='ocrx_word' id='word_1_40' title='bbox 338 787 506 837; x_wconf 78' lang='lat' dir='ltr'>pactioni</span> <span class='ocrx_word' id='word_1_41' title='bbox 544 787 710 826; x_wconf 82' lang='lat' dir='ltr'>fuissent</span> <span class='ocrx_word' id='word_1_42' title='bbox 748 787 892 826; x_wconf 80' lang='lat' dir='ltr'>inditae</span> <span class='ocrx_word' id='word_1_43' title='bbox 932 788 993 827; x_wconf 88' lang='lat' dir='ltr'>uel</span> <span class='ocrx_word' id='word_1_44' title='bbox 1029 789 1208 828; x_wconf 79' lang='lat' dir='ltr'>insertae.</span> <span class='ocrx_word' id='word_1_45' title='bbox 1268 789 1368 840; x_wconf 80' lang='lat' dir='ltr'>Ergo</span> <span class='ocrx_word' id='word_1_46' title='bbox 1409 791 1441 829; x_wconf 92' lang='lat' dir='ltr'>si</span> <span class='ocrx_word' id='word_1_47' title='bbox 1478 792 1528 830; x_wconf 85' lang='lat' dir='ltr'>ita</span> <span class='ocrx_word' id='word_1_48' title='bbox 1568 799 1638 837; x_wconf 86' lang='lat' dir='ltr'>est,</span> 
     </span>
     <span class='ocr_line' id='line_1_7' title="bbox 216 843 1640 898; baseline 0.004 -17"><span class='ocrx_word' id='word_1_49' title='bbox 216 843 547 893; x_wconf 80' lang='lat' dir='ltr'>quemadmodum</span> <span class='ocrx_word' id='word_1_50' title='bbox 581 850 645 895; x_wconf 86' lang='lat' dir='ltr'>tua</span> <span class='ocrx_word' id='word_1_51' title='bbox 676 844 960 883; x_wconf 89' lang='lat' dir='ltr'>consultatione</span> <span class='ocrx_word' id='word_1_52' title='bbox 993 845 1198 895; x_wconf 83' lang='lat' dir='ltr'>significas,</span> <span class='ocrx_word' id='word_1_53' title='bbox 1229 853 1385 898; x_wconf 88' lang='lat' dir='ltr'>pactum</span> <span class='ocrx_word' id='word_1_54' title='bbox 1416 848 1640 887; x_wconf 86' lang='lat' dir='ltr'>huiusmodi</span> 
     </span>
     <span class='ocr_line' id='line_1_8' title="bbox 216 899 1639 953; baseline 0.005 -16"><span class='ocrx_word' id='word_1_55' title='bbox 216 899 298 937; x_wconf 90' lang='lat' dir='ltr'>iure</span> <span class='ocrx_word' id='word_1_56' title='bbox 331 899 561 938; x_wconf 90' lang='lat' dir='ltr'>dissoluitur</span> <span class='ocrx_word' id='word_1_57' title='bbox 591 912 663 939; x_wconf 91' lang='lat' dir='ltr'>nec</span> <span class='ocrx_word' id='word_1_58' title='bbox 694 906 795 939; x_wconf 82' lang='lat' dir='ltr'>stare</span> <span class='ocrx_word' id='word_1_59' title='bbox 827 901 982 952; x_wconf 86' lang='lat' dir='ltr'>poterit,</span> <span class='ocrx_word' id='word_1_60' title='bbox 1014 901 1104 952; x_wconf 89' lang='lat' dir='ltr'>quia</span> <span class='ocrx_word' id='word_1_61' title='bbox 1135 903 1263 953; x_wconf 82' lang='lat' dir='ltr'>legum</span> <span class='ocrx_word' id='word_1_62' title='bbox 1289 903 1486 943; x_wconf 83' lang='lat' dir='ltr'>beneficiis</span> <span class='ocrx_word' id='word_1_63' title='bbox 1509 906 1639 944; x_wconf 90' lang='lat' dir='ltr'>omni-</span> 
     </span>
    </p>

    <p class='ocr_par' dir='ltr' id='par_1_4' title="bbox 123 956 1639 1119">
     <span class='ocr_line' id='line_1_9' title="bbox 123 956 1639 1013; baseline 0.005 -20"><span class='ocrx_word' id='word_1_64' title='bbox 123 956 344 999; x_wconf 82' lang='lat' dir='ltr'>l‚3modis</span> <span class='ocrx_word' id='word_1_65' title='bbox 389 956 654 1007; x_wconf 83' lang='lat' dir='ltr'>impugnatur.</span> <span class='ocrx_word' id='word_1_66' title='bbox 715 957 970 1008; x_wconf 86' lang='lat' dir='ltr'>Primoreque</span> <span class='ocrx_word' id='word_1_67' title='bbox 1016 958 1123 997; x_wconf 82' lang='lat' dir='ltr'>iuxta</span> <span class='ocrx_word' id='word_1_68' title='bbox 1169 959 1206 997; x_wconf 92' lang='lat' dir='ltr'>id</span> <span class='ocrx_word' id='word_1_69' title='bbox 1252 960 1354 1010; x_wconf 92' lang='lat' dir='ltr'>quod</span> <span class='ocrx_word' id='word_1_70' title='bbox 1400 961 1639 1013; x_wconf 69' lang='lat' dir='ltr'>proposuisti</span> 
     </span>
     <span class='ocr_line' id='line_1_10' title="bbox 215 1012 1637 1069; baseline 0.005 -19"><span class='ocrx_word' id='word_1_71' title='bbox 215 1013 338 1064; x_wconf 88' lang='lat' dir='ltr'>capite</span> <span class='ocrx_word' id='word_1_72' title='bbox 385 1013 499 1051; x_wconf 91' lang='lat' dir='ltr'>inuiti</span> <span class='ocrx_word' id='word_1_73' title='bbox 540 1012 667 1063; x_wconf 88' lang='lat' dir='ltr'>pactio</span> <span class='ocrx_word' id='word_1_74' title='bbox 714 1019 752 1051; x_wconf 89' lang='lat' dir='ltr'>et</span> <span class='ocrx_word' id='word_1_75' title='bbox 799 1020 903 1052; x_wconf 93' lang='lat' dir='ltr'>metu</span> <span class='ocrx_word' id='word_1_76' title='bbox 951 1015 1073 1052; x_wconf 85' lang='lat' dir='ltr'>coacti</span> <span class='ocrx_word' id='word_1_77' title='bbox 1110 1015 1203 1065; x_wconf 89' lang='lat' dir='ltr'>ipsis</span> <span class='ocrx_word' id='word_1_78' title='bbox 1243 1016 1392 1065; x_wconf 83' lang='lat' dir='ltr'>legibus</span> <span class='ocrx_word' id='word_1_79' title='bbox 1432 1017 1478 1056; x_wconf 84' lang='lat' dir='ltr'>de</span> <span class='ocrx_word' id='word_1_80' title='bbox 1517 1019 1637 1069; x_wconf 85' lang='lat' dir='ltr'>pactis</span> 
     </span>
     <span class='ocr_line' id='line_1_11' title="bbox 215 1068 1637 1119; baseline 0.006 -13"><span class='ocrx_word' id='word_1_81' title='bbox 215 1069 472 1108; x_wconf 75' lang='lat' dir='ltr'>clamantibus</span> <span class='ocrx_word' id='word_1_82' title='bbox 500 1068 744 1119; x_wconf 81' lang='lat' dir='ltr'>apertissime</span> <span class='ocrx_word' id='word_1_83' title='bbox 766 1068 1004 1108; x_wconf 82' lang='lat' dir='ltr'>infirmatur:</span> <span class='ocrx_word' id='word_1_84' title='bbox 1037 1082 1128 1109; x_wconf 85' lang='lat' dir='ltr'>nam</span> <span class='ocrx_word' id='word_1_85' title='bbox 1152 1072 1357 1111; x_wconf 84' lang='lat' dir='ltr'>manifeste</span> <span class='ocrx_word' id='word_1_86' title='bbox 1379 1076 1637 1113; x_wconf 84' lang='lat' dir='ltr'>constitutum</span> 
     </span>
    </p>

    <p class='ocr_par' dir='ltr' id='par_1_5' title="bbox 122 1124 1638 1462">
     <span class='ocr_line' id='line_1_12' title="bbox 122 1124 1638 1176; baseline 0.003 -10"><span class='ocrx_word' id='word_1_87' title='bbox 122 1124 152 1166; x_wconf 73' lang='lat' dir='ltr'>l,</span> <span class='ocrx_word' id='word_1_88' title='bbox 179 1135 194 1158; x_wconf 77' lang='lat'>4</span> <span class='ocrx_word' id='word_1_89' title='bbox 216 1132 287 1171; x_wconf 86' lang='lat' dir='ltr'>est,</span> <span class='ocrx_word' id='word_1_90' title='bbox 319 1138 368 1163; x_wconf 91' lang='lat' dir='ltr'>ne</span> <span class='ocrx_word' id='word_1_91' title='bbox 390 1126 582 1176; x_wconf 82' lang='lat' dir='ltr'>quispiam</span> <span class='ocrx_word' id='word_1_92' title='bbox 612 1125 753 1176; x_wconf 88' lang='lat' dir='ltr'>pacisci</span> <span class='ocrx_word' id='word_1_93' title='bbox 776 1132 936 1176; x_wconf 82' lang='lat' dir='ltr'>cogatur</span> <span class='ocrx_word' id='word_1_94' title='bbox 958 1126 1118 1165; x_wconf 88' lang='lat' dir='ltr'>inuitus.</span> <span class='ocrx_word' id='word_1_95' title='bbox 1170 1127 1265 1166; x_wconf 85' lang='lat' dir='ltr'>Dein</span> <span class='ocrx_word' id='word_1_96' title='bbox 1292 1135 1417 1168; x_wconf 79' lang='lat' dir='ltr'>textus</span> <span class='ocrx_word' id='word_1_97' title='bbox 1441 1143 1638 1170; x_wconf 91' lang='lat' dir='ltr'>memora-</span> 
     </span>
     <span class='ocr_line' id='line_1_13' title="bbox 214 1181 1638 1233; baseline 0.005 -14"><span class='ocrx_word' id='word_1_98' title='bbox 214 1186 341 1220; x_wconf 85' lang='lat' dir='ltr'>tarum</span> <span class='ocrx_word' id='word_1_99' title='bbox 381 1181 509 1231; x_wconf 84' lang='lat' dir='ltr'>legum</span> <span class='ocrx_word' id='word_1_100' title='bbox 548 1181 604 1219; x_wconf 90' lang='lat' dir='ltr'>sic</span> <span class='ocrx_word' id='word_1_101' title='bbox 641 1182 831 1220; x_wconf 85' lang='lat' dir='ltr'>continet:</span> <span class='ocrx_word' id='word_1_102' title='bbox 881 1186 988 1233; x_wconf 86' lang='lat' dir='ltr'>‘quas</span> <span class='ocrx_word' id='word_1_103' title='bbox 1020 1183 1142 1222; x_wconf 87' lang='lat' dir='ltr'>libero</span> <span class='ocrx_word' id='word_1_104' title='bbox 1174 1184 1334 1223; x_wconf 86' lang='lat' dir='ltr'>arbitrio</span> <span class='ocrx_word' id='word_1_105' title='bbox 1366 1192 1404 1224; x_wconf 85' lang='lat' dir='ltr'>et</span> <span class='ocrx_word' id='word_1_106' title='bbox 1436 1187 1638 1225; x_wconf 86' lang='lat' dir='ltr'>uoluntate</span> 
     </span>
     <span class='ocr_line' id='line_1_14' title="bbox 213 1237 1636 1291; baseline 0.004 -14"><span class='ocrx_word' id='word_1_107' title='bbox 213 1237 422 1277; x_wconf 76' lang='lat' dir='ltr'>‘confecit&#39;:</span> <span class='ocrx_word' id='word_1_108' title='bbox 445 1237 532 1288; x_wconf 90' lang='lat' dir='ltr'>quis</span> <span class='ocrx_word' id='word_1_109' title='bbox 554 1237 627 1276; x_wconf 86' lang='lat' dir='ltr'>erit</span> <span class='ocrx_word' id='word_1_110' title='bbox 650 1243 726 1276; x_wconf 87' lang='lat' dir='ltr'>tam</span> <span class='ocrx_word' id='word_1_111' title='bbox 752 1238 961 1277; x_wconf 88' lang='lat' dir='ltr'>destitutus</span> <span class='ocrx_word' id='word_1_112' title='bbox 984 1240 1172 1291; x_wconf 86' lang='lat' dir='ltr'>sapientia</span> <span class='ocrx_word' id='word_1_113' title='bbox 1195 1247 1233 1279; x_wconf 84' lang='lat' dir='ltr'>et</span> <span class='ocrx_word' id='word_1_114' title='bbox 1256 1254 1402 1281; x_wconf 89' lang='lat' dir='ltr'>uacuus</span> <span class='ocrx_word' id='word_1_115' title='bbox 1424 1242 1636 1289; x_wconf 85' lang='lat' dir='ltr'>intellectu,</span> 
     </span>
     <span class='ocr_line' id='line_1_15' title="bbox 212 1294 1636 1350; baseline 0.004 -16"><span class='ocrx_word' id='word_1_116' title='bbox 212 1302 257 1334; x_wconf 92' lang='lat' dir='ltr'>ut</span> <span class='ocrx_word' id='word_1_117' title='bbox 288 1294 389 1333; x_wconf 88' lang='lat' dir='ltr'>dicat</span> <span class='ocrx_word' id='word_1_118' title='bbox 418 1295 521 1333; x_wconf 86' lang='lat' dir='ltr'>illam</span> <span class='ocrx_word' id='word_1_119' title='bbox 555 1294 773 1346; x_wconf 81' lang='lat' dir='ltr'>pactionem</span> <span class='ocrx_word' id='word_1_120' title='bbox 807 1297 947 1334; x_wconf 87' lang='lat' dir='ltr'>fortem</span> <span class='ocrx_word' id='word_1_121' title='bbox 981 1302 1019 1334; x_wconf 88' lang='lat' dir='ltr'>et</span> <span class='ocrx_word' id='word_1_122' title='bbox 1051 1297 1202 1336; x_wconf 84' lang='lat' dir='ltr'>firmam</span> <span class='ocrx_word' id='word_1_123' title='bbox 1228 1310 1313 1337; x_wconf 88' lang='lat' dir='ltr'>esse</span> <span class='ocrx_word' id='word_1_124' title='bbox 1335 1299 1488 1344; x_wconf 89' lang='lat' dir='ltr'>debere,</span> <span class='ocrx_word' id='word_1_125' title='bbox 1520 1313 1636 1350; x_wconf 85' lang='lat' dir='ltr'>quam</span> 
     </span>
     <span class='ocr_line' id='line_1_16' title="bbox 213 1351 1636 1405; baseline 0.004 -16"><span class='ocrx_word' id='word_1_126' title='bbox 213 1351 352 1390; x_wconf 87' lang='lat' dir='ltr'>mulier</span> <span class='ocrx_word' id='word_1_127' title='bbox 384 1357 491 1390; x_wconf 89' lang='lat' dir='ltr'>metu</span> <span class='ocrx_word' id='word_1_128' title='bbox 523 1357 653 1389; x_wconf 80' lang='lat' dir='ltr'>coacta</span> <span class='ocrx_word' id='word_1_129' title='bbox 687 1351 815 1390; x_wconf 90' lang='lat' dir='ltr'>mariti</span> <span class='ocrx_word' id='word_1_130' title='bbox 846 1352 1080 1404; x_wconf 84' lang='lat' dir='ltr'>subscripsit</span> <span class='ocrx_word' id='word_1_131' title='bbox 1109 1353 1286 1405; x_wconf 89' lang='lat' dir='ltr'>imperio,</span> <span class='ocrx_word' id='word_1_132' title='bbox 1318 1368 1361 1394; x_wconf 87' lang='lat' dir='ltr'>ac</span> <span class='ocrx_word' id='word_1_133' title='bbox 1392 1355 1447 1395; x_wconf 85' lang='lat' dir='ltr'>sic</span> <span class='ocrx_word' id='word_1_134' title='bbox 1473 1356 1636 1395; x_wconf 82' lang='lat' dir='ltr'>liberam</span> 
     </span>
     <span class='ocr_line' id='line_1_17' title="bbox 212 1408 1636 1462; baseline 0.004 -16"><span class='ocrx_word' id='word_1_135' title='bbox 212 1408 455 1447; x_wconf 83' lang='lat' dir='ltr'>uoluntatem</span> <span class='ocrx_word' id='word_1_136' title='bbox 495 1413 533 1446; x_wconf 86' lang='lat' dir='ltr'>et</span> <span class='ocrx_word' id='word_1_137' title='bbox 569 1408 771 1459; x_wconf 88' lang='lat' dir='ltr'>proprium</span> <span class='ocrx_word' id='word_1_138' title='bbox 805 1409 1010 1448; x_wconf 85' lang='lat' dir='ltr'>arbitrium</span> <span class='ocrx_word' id='word_1_139' title='bbox 1043 1422 1122 1448; x_wconf 92' lang='lat' dir='ltr'>non</span> <span class='ocrx_word' id='word_1_140' title='bbox 1154 1411 1393 1462; x_wconf 84' lang='lat' dir='ltr'>intellegitur</span> <span class='ocrx_word' id='word_1_141' title='bbox 1426 1411 1636 1452; x_wconf 77' lang='lat' dir='ltr'>babuisse?</span> 
     </span>
    </p>

    <p class='ocr_par' dir='ltr' id='par_1_6' title="bbox 120 1465 1635 1617">
     <span class='ocr_line' id='line_1_18' title="bbox 120 1465 1635 1519; baseline 0.003 -15"><span class='ocrx_word' id='word_1_142' title='bbox 120 1471 149 1510; x_wconf 93' lang='lat' dir='ltr'>l,</span> <span class='ocrx_word' id='word_1_143' title='bbox 176 1466 265 1507; x_wconf 84' lang='lat' dir='ltr'>5Ac</span> <span class='ocrx_word' id='word_1_144' title='bbox 303 1477 371 1516; x_wconf 87' lang='lat' dir='ltr'>per</span> <span class='ocrx_word' id='word_1_145' title='bbox 408 1465 481 1503; x_wconf 87' lang='lat' dir='ltr'>boc</span> <span class='ocrx_word' id='word_1_146' title='bbox 521 1465 607 1515; x_wconf 91' lang='lat' dir='ltr'>ipso</span> <span class='ocrx_word' id='word_1_147' title='bbox 644 1466 773 1516; x_wconf 80' lang='lat' dir='ltr'>legum</span> <span class='ocrx_word' id='word_1_148' title='bbox 816 1466 952 1516; x_wconf 87' lang='lat' dir='ltr'>capite,</span> <span class='ocrx_word' id='word_1_149' title='bbox 991 1466 1093 1505; x_wconf 86' lang='lat' dir='ltr'>sicut</span> <span class='ocrx_word' id='word_1_150' title='bbox 1129 1467 1204 1505; x_wconf 87' lang='lat' dir='ltr'>iam</span> <span class='ocrx_word' id='word_1_151' title='bbox 1238 1480 1354 1519; x_wconf 88' lang='lat' dir='ltr'>supra</span> <span class='ocrx_word' id='word_1_152' title='bbox 1387 1469 1532 1508; x_wconf 89' lang='lat' dir='ltr'>dictum</span> <span class='ocrx_word' id='word_1_153' title='bbox 1565 1476 1635 1514; x_wconf 81' lang='lat' dir='ltr'>est,</span> 
     </span>
     <span class='ocr_line' id='line_1_19' title="bbox 213 1521 1635 1577; baseline 0.004 -18"><span class='ocrx_word' id='word_1_154' title='bbox 213 1522 285 1560; x_wconf 87' lang='lat' dir='ltr'>tale</span> <span class='ocrx_word' id='word_1_155' title='bbox 323 1527 482 1573; x_wconf 87' lang='lat' dir='ltr'>pactum</span> <span class='ocrx_word' id='word_1_156' title='bbox 526 1521 672 1560; x_wconf 89' lang='lat' dir='ltr'>nullius</span> <span class='ocrx_word' id='word_1_157' title='bbox 710 1521 905 1560; x_wconf 88' lang='lat' dir='ltr'>iudicatur</span> <span class='ocrx_word' id='word_1_158' title='bbox 944 1535 1027 1561; x_wconf 87' lang='lat' dir='ltr'>esse</span> <span class='ocrx_word' id='word_1_159' title='bbox 1061 1524 1263 1571; x_wconf 86' lang='lat' dir='ltr'>momenti,</span> <span class='ocrx_word' id='word_1_160' title='bbox 1308 1532 1498 1576; x_wconf 88' lang='lat' dir='ltr'>quantum</span> <span class='ocrx_word' id='word_1_161' title='bbox 1531 1527 1635 1577; x_wconf 84' lang='lat' dir='ltr'>leges</span> 
     </span>
     <span class='ocr_line' id='line_1_20' title="bbox 211 1578 788 1617; baseline -0.002 0"><span class='ocrx_word' id='word_1_162' title='bbox 211 1578 347 1617; x_wconf 89' lang='lat' dir='ltr'>subter</span> <span class='ocrx_word' id='word_1_163' title='bbox 378 1590 548 1617; x_wconf 80' lang='lat' dir='ltr'>annexae</span> <span class='ocrx_word' id='word_1_164' title='bbox 582 1584 788 1617; x_wconf 87' lang='lat' dir='ltr'>testantur.</span> 
     </span>
    </p>

    <p class='ocr_par' dir='ltr' id='par_1_7' title="bbox 118 1632 954 1686">
     <span class='ocr_line' id='line_1_21' title="bbox 118 1632 954 1686; baseline 0.002 -15"><span class='ocrx_word' id='word_1_165' title='bbox 118 1632 148 1671; x_wconf 81' lang='lat' dir='ltr'>l,</span> <span class='ocrx_word' id='word_1_166' title='bbox 175 1643 192 1668; x_wconf 83' lang='grc'>6</span> <span class='ocrx_word' id='word_1_167' title='bbox 269 1635 324 1673; x_wconf 88' lang='lat' dir='ltr'>Ex</span> <span class='ocrx_word' id='word_1_168' title='bbox 355 1647 516 1686; x_wconf 88' lang='lat' dir='ltr'>corpore</span> <span class='ocrx_word' id='word_1_169' title='bbox 549 1635 774 1686; x_wconf 81' lang='lat' dir='ltr'>Gregoriani</span> <span class='ocrx_word' id='word_1_170' title='bbox 805 1635 870 1673; x_wconf 90' lang='lat' dir='ltr'>lib.</span> <span class='ocrx_word' id='word_1_171' title='bbox 904 1635 954 1673; x_wconf 88' lang='lat'>11:</span> 
     </span>
    </p>

    <p class='ocr_par' dir='ltr' id='par_1_8' title="bbox 208 1692 1634 1912">
     <span class='ocr_line' id='line_1_22' title="bbox 323 1692 1633 1746; baseline 0.004 -17"><span class='ocrx_word' id='word_1_172' title='bbox 323 1692 420 1742; x_wconf 89' lang='lat' dir='ltr'>Imp.</span> <span class='ocrx_word' id='word_1_173' title='bbox 455 1692 625 1730; x_wconf 88' lang='lat' dir='ltr'>Seuerus</span> <span class='ocrx_word' id='word_1_174' title='bbox 656 1692 699 1730; x_wconf 83' lang='lat' dir='ltr'>A.</span> <span class='ocrx_word' id='word_1_175' title='bbox 731 1692 828 1730; x_wconf 92' lang='lat' dir='ltr'>Iulio</span> <span class='ocrx_word' id='word_1_176' title='bbox 860 1692 1153 1731; x_wconf 89' lang='lat' dir='ltr'>Conserturino.</span> <span class='ocrx_word' id='word_1_177' title='bbox 1213 1693 1279 1739; x_wconf 83' lang='lat' dir='ltr'>Ea,</span> <span class='ocrx_word' id='word_1_178' title='bbox 1322 1707 1419 1745; x_wconf 91' lang='lat' dir='ltr'>quae</span> <span class='ocrx_word' id='word_1_179' title='bbox 1451 1708 1519 1746; x_wconf 87' lang='lat' dir='ltr'>per</span> <span class='ocrx_word' id='word_1_180' title='bbox 1552 1696 1633 1734; x_wconf 88' lang='lat' dir='ltr'>uim</span> 
     </span>
     <span class='ocr_line' id='line_1_23' title="bbox 210 1748 1634 1801; baseline 0.004 -15"><span class='ocrx_word' id='word_1_181' title='bbox 210 1755 247 1787; x_wconf 89' lang='lat' dir='ltr'>et</span> <span class='ocrx_word' id='word_1_182' title='bbox 285 1754 435 1787; x_wconf 88' lang='lat' dir='ltr'>metum</span> <span class='ocrx_word' id='word_1_183' title='bbox 475 1754 580 1798; x_wconf 82' lang='lat' dir='ltr'>gesta</span> <span class='ocrx_word' id='word_1_184' title='bbox 619 1754 724 1794; x_wconf 89' lang='lat' dir='ltr'>sunt,</span> <span class='ocrx_word' id='word_1_185' title='bbox 771 1748 888 1787; x_wconf 84' lang='lat' dir='ltr'>etiam</span> <span class='ocrx_word' id='word_1_186' title='bbox 922 1748 1015 1787; x_wconf 92' lang='lat' dir='ltr'>citra</span> <span class='ocrx_word' id='word_1_187' title='bbox 1053 1749 1265 1801; x_wconf 86' lang='lat' dir='ltr'>principale</span> <span class='ocrx_word' id='word_1_188' title='bbox 1303 1751 1486 1790; x_wconf 84' lang='lat' dir='ltr'>auxilium</span> <span class='ocrx_word' id='word_1_189' title='bbox 1526 1753 1634 1791; x_wconf 84' lang='lat' dir='ltr'>irrita</span> 
     </span>
     <span class='ocr_line' id='line_1_24' title="bbox 209 1804 1632 1859; baseline 0.003 -16"><span class='ocrx_word' id='word_1_190' title='bbox 209 1817 294 1843; x_wconf 90' lang='lat' dir='ltr'>esse</span> <span class='ocrx_word' id='word_1_191' title='bbox 333 1804 472 1843; x_wconf 87' lang='lat' dir='ltr'>debere</span> <span class='ocrx_word' id='word_1_192' title='bbox 510 1804 585 1843; x_wconf 88' lang='lat' dir='ltr'>iam</span> <span class='ocrx_word' id='word_1_193' title='bbox 626 1805 775 1855; x_wconf 87' lang='lat' dir='ltr'>pridem</span> <span class='ocrx_word' id='word_1_194' title='bbox 816 1806 1073 1844; x_wconf 90' lang='lat' dir='ltr'>constitutum</span> <span class='ocrx_word' id='word_1_195' title='bbox 1112 1813 1182 1845; x_wconf 90' lang='lat' dir='ltr'>est.</span> <span class='ocrx_word' id='word_1_196' title='bbox 1243 1808 1409 1859; x_wconf 83' lang='lat' dir='ltr'>Accepta</span> <span class='ocrx_word' id='word_1_197' title='bbox 1449 1808 1522 1847; x_wconf 85' lang='lat' dir='ltr'>kal.</span> <span class='ocrx_word' id='word_1_198' title='bbox 1561 1809 1632 1847; x_wconf 88' lang='lat' dir='ltr'>Iul.</span> 
     </span>
     <span class='ocr_line' id='line_1_25' title="bbox 208 1860 854 1912; baseline 0.002 -13"><span class='ocrx_word' id='word_1_199' title='bbox 208 1860 350 1899; x_wconf 84' lang='lat' dir='ltr'>Dextro</span> <span class='ocrx_word' id='word_1_200' title='bbox 382 1861 415 1899; x_wconf 85' lang='lat' dir='ltr'>lt</span> <span class='ocrx_word' id='word_1_201' title='bbox 447 1867 485 1899; x_wconf 90' lang='lat' dir='ltr'>et</span> <span class='ocrx_word' id='word_1_202' title='bbox 516 1861 694 1912; x_wconf 87' lang='lat' dir='ltr'>Crispino</span> <span class='ocrx_word' id='word_1_203' title='bbox 727 1874 854 1900; x_wconf 86' lang='lat' dir='ltr'>conss.</span> 
     </span>
    </p>

    <p class='ocr_par' dir='ltr' id='par_1_9' title="bbox 115 1917 1239 1970">
     <span class='ocr_line' id='line_1_26' title="bbox 115 1917 1239 1970; baseline 0.004 -16"><span class='ocrx_word' id='word_1_204' title='bbox 115 1919 145 1962; x_wconf 93' lang='lat'>1,</span> <span class='ocrx_word' id='word_1_205' title='bbox 173 1931 188 1955; x_wconf 85' lang='lat'>⁷</span> <span class='ocrx_word' id='word_1_206' title='bbox 265 1918 362 1956; x_wconf 92' lang='lat' dir='ltr'>Item</span> <span class='ocrx_word' id='word_1_207' title='bbox 397 1917 468 1955; x_wconf 84' lang='lat' dir='ltr'>alia</span> <span class='ocrx_word' id='word_1_208' title='bbox 499 1930 544 1956; x_wconf 89' lang='lat' dir='ltr'>ex</span> <span class='ocrx_word' id='word_1_209' title='bbox 576 1930 737 1969; x_wconf 86' lang='lat' dir='ltr'>corpore</span> <span class='ocrx_word' id='word_1_210' title='bbox 769 1925 808 1957; x_wconf 87' lang='lat' dir='ltr'>et</span> <span class='ocrx_word' id='word_1_211' title='bbox 838 1919 935 1957; x_wconf 92' lang='lat' dir='ltr'>libro</span> <span class='ocrx_word' id='word_1_212' title='bbox 969 1931 1085 1970; x_wconf 89' lang='lat' dir='ltr'>supra</span> <span class='ocrx_word' id='word_1_213' title='bbox 1118 1919 1239 1958; x_wconf 87' lang='lat' dir='ltr'>dicto:</span> 
     </span>
    </p>

    <p class='ocr_par' dir='ltr' id='par_1_10' title="bbox 206 1974 1633 2182">
     <span class='ocr_line' id='line_1_27' title="bbox 321 1974 1632 2029; baseline 0.005 -17"><span class='ocrx_word' id='word_1_214' title='bbox 321 1974 418 2025; x_wconf 89' lang='lat' dir='ltr'>Imp.</span> <span class='ocrx_word' id='word_1_215' title='bbox 442 1974 665 2013; x_wconf 92' lang='lat' dir='ltr'>Antoninus</span> <span class='ocrx_word' id='word_1_216' title='bbox 687 1976 730 2013; x_wconf 89' lang='lat' dir='ltr'>A.</span> <span class='ocrx_word' id='word_1_217' title='bbox 764 1975 879 2014; x_wconf 88' lang='lat' dir='ltr'>Iuliae</span> <span class='ocrx_word' id='word_1_218' title='bbox 902 1975 1074 2014; x_wconf 87' lang='lat' dir='ltr'>Basiliae.</span> <span class='ocrx_word' id='word_1_219' title='bbox 1126 1976 1255 2023; x_wconf 86' lang='lat' dir='ltr'>Pacta,</span> <span class='ocrx_word' id='word_1_220' title='bbox 1289 1990 1387 2029; x_wconf 85' lang='lat' dir='ltr'>quae</span> <span class='ocrx_word' id='word_1_221' title='bbox 1418 1979 1465 2017; x_wconf 89' lang='lat' dir='ltr'>ab</span> <span class='ocrx_word' id='word_1_222' title='bbox 1497 1979 1632 2018; x_wconf 88' lang='lat' dir='ltr'>inuitis</span> 
     </span>
     <span class='ocr_line' id='line_1_28' title="bbox 208 2031 1633 2082; baseline 0.004 -13"><span class='ocrx_word' id='word_1_223' title='bbox 208 2036 343 2069; x_wconf 85' lang='lat' dir='ltr'>contra</span> <span class='ocrx_word' id='word_1_224' title='bbox 371 2031 473 2080; x_wconf 83' lang='lat' dir='ltr'>leges</span> <span class='ocrx_word' id='word_1_225' title='bbox 496 2031 874 2082; x_wconf 87' lang='lat' dir='ltr'>constitutionesque</span> <span class='ocrx_word' id='word_1_226' title='bbox 905 2034 1016 2077; x_wconf 84' lang='lat' dir='ltr'>fiunt,</span> <span class='ocrx_word' id='word_1_227' title='bbox 1048 2033 1195 2071; x_wconf 86' lang='lat' dir='ltr'>nullam</span> <span class='ocrx_word' id='word_1_228' title='bbox 1230 2033 1308 2072; x_wconf 89' lang='lat' dir='ltr'>uim</span> <span class='ocrx_word' id='word_1_229' title='bbox 1344 2035 1483 2074; x_wconf 86' lang='lat' dir='ltr'>habere</span> <span class='ocrx_word' id='word_1_230' title='bbox 1515 2035 1633 2074; x_wconf 90' lang='lat' dir='ltr'>indu-</span> 
     </span>
     <span class='ocr_line' id='line_1_29' title="bbox 206 2087 1633 2140; baseline 0.004 -15"><span class='ocrx_word' id='word_1_231' title='bbox 206 2087 318 2126; x_wconf 86' lang='lat' dir='ltr'>bitati</span> <span class='ocrx_word' id='word_1_232' title='bbox 356 2087 451 2125; x_wconf 88' lang='lat' dir='ltr'>iuris</span> <span class='ocrx_word' id='word_1_233' title='bbox 491 2093 551 2126; x_wconf 83' lang='lat' dir='ltr'>est</span> <span class='ocrx_word' id='word_1_234' title='bbox 589 2094 627 2127; x_wconf 89' lang='lat' dir='ltr'>et</span> <span class='ocrx_word' id='word_1_235' title='bbox 665 2095 734 2127; x_wconf 89' lang='lat' dir='ltr'>cet.</span> <span class='ocrx_word' id='word_1_236' title='bbox 795 2088 869 2126; x_wconf 85' lang='lat' dir='ltr'>Pl&#39;.</span> <span class='ocrx_word' id='word_1_237' title='bbox 904 2089 932 2127; x_wconf 91' lang='lat' dir='ltr'>V</span> <span class='ocrx_word' id='word_1_238' title='bbox 970 2089 1042 2127; x_wconf 86' lang='lat' dir='ltr'>kal.</span> <span class='ocrx_word' id='word_1_239' title='bbox 1082 2091 1177 2140; x_wconf 82' lang='lat' dir='ltr'>Aug.</span> <span class='ocrx_word' id='word_1_240' title='bbox 1209 2091 1408 2130; x_wconf 88' lang='lat' dir='ltr'>Antonino</span> <span class='ocrx_word' id='word_1_241' title='bbox 1440 2092 1483 2130; x_wconf 88' lang='lat' dir='ltr'>A.</span> <span class='ocrx_word' id='word_1_242' title='bbox 1518 2092 1563 2130; x_wconf 76' lang='lat' dir='ltr'>vt</span> <span class='ocrx_word' id='word_1_243' title='bbox 1595 2098 1633 2131; x_wconf 88' lang='lat' dir='ltr'>et</span> 
     </span>
     <span class='ocr_line' id='line_1_30' title="bbox 206 2143 504 2182; baseline 0 0"><span class='ocrx_word' id='word_1_244' title='bbox 206 2143 346 2182; x_wconf 86' lang='lat' dir='ltr'>Albino</span> <span class='ocrx_word' id='word_1_245' title='bbox 378 2156 504 2182; x_wconf 86' lang='lat' dir='ltr'>conss.</span> 
     </span>
    </p>

    <p class='ocr_par' dir='ltr' id='par_1_11' title="bbox 298 2218 791 2260">
     <span class='ocr_line' id='line_1_31' title="bbox 298 2218 791 2260; baseline 0.002 -11"><span class='ocrx_word' id='word_1_246' title='bbox 298 2228 324 2249; x_wconf 87' lang='lat' dir='ltr'>c.</span> <span class='ocrx_word' id='word_1_247' title='bbox 355 2219 383 2258; x_wconf 83' lang='lat'>1,</span> <span class='ocrx_word' id='word_1_248' title='bbox 409 2218 429 2248; x_wconf 78' lang='lat'>4</span> <span class='ocrx_word' id='word_1_249' title='bbox 456 2218 578 2257; x_wconf 85' lang='lat' dir='ltr'>legum]</span> <span class='ocrx_word' id='word_1_250' title='bbox 604 2218 652 2260; x_wconf 79' lang='lat' dir='ltr'>ef.</span> <span class='ocrx_word' id='word_1_251' title='bbox 681 2218 709 2258; x_wconf 87' lang='lat'>1,</span> <span class='ocrx_word' id='word_1_252' title='bbox 741 2218 791 2250; x_wconf 84' lang='lat'>12.</span> 
     </span>
    </p>

    <p class='ocr_par' dir='ltr' id='par_1_12' title="bbox 207 2263 1629 2348">
     <span class='ocr_line' id='line_1_32' title="bbox 297 2263 1629 2308; baseline 0.004 -14"><span class='ocrx_word' id='word_1_253' title='bbox 297 2273 324 2294; x_wconf 86' lang='lat' dir='ltr'>c.</span> <span class='ocrx_word' id='word_1_254' title='bbox 356 2265 383 2301; x_wconf 88' lang='grc'>1,</span> <span class='ocrx_word' id='word_1_255' title='bbox 410 2264 426 2293; x_wconf 77' lang='lat'><strong>7</strong></span> <span class='ocrx_word' id='word_1_256' title='bbox 462 2263 562 2301; x_wconf 75' lang='lat' dir='ltr'>(lianc</span> <span class='ocrx_word' id='word_1_257' title='bbox 592 2265 855 2306; x_wconf 74' lang='lat' dir='ltr'>parag-rapham</span> <span class='ocrx_word' id='word_1_258' title='bbox 885 2266 1073 2308; x_wconf 68' lang='lat' dir='ltr'>eoesert&#39;pse&#39;t</span> <span class='ocrx_word' id='word_1_259' title='bbox 1104 2265 1166 2297; x_wconf 76' lang='lat' dir='ltr'>Iao</span> <span class='ocrx_word' id='word_1_260' title='bbox 1196 2265 1289 2298; x_wconf 73' lang='lat' dir='ltr'>Beer.</span> <span class='ocrx_word' id='word_1_261' title='bbox 1321 2266 1371 2307; x_wconf 85' lang='lat'>16,</span> <span class='ocrx_word' id='word_1_262' title='bbox 1399 2267 1457 2307; x_wconf 80' lang='lat'>21)</span> <span class='ocrx_word' id='word_1_263' title='bbox 1482 2283 1525 2292; x_wconf 59' lang='grc' dir='ltr'>Ξ</span> <span class='ocrx_word' id='word_1_264' title='bbox 1553 2266 1629 2299; x_wconf 80' lang='lat' dir='ltr'>Cod.</span> 
     </span>
     <span class='ocr_line' id='line_1_33' title="bbox 207 2307 461 2348; baseline 0 -9"><span class='ocrx_word' id='word_1_265' title='bbox 207 2307 287 2339; x_wconf 77' lang='lat' dir='ltr'>lust.</span> <span class='ocrx_word' id='word_1_266' title='bbox 316 2308 347 2347; x_wconf 83' lang='lat'>2,</span> <span class='ocrx_word' id='word_1_267' title='bbox 375 2308 406 2348; x_wconf 89' lang='lat'>3,</span> <span class='ocrx_word' id='word_1_268' title='bbox 431 2310 461 2339; x_wconf 85' lang='grc'>6.</span> 
     </span>
    </p>

    <p class='ocr_par' dir='ltr' id='par_1_13' title="bbox 203 2401 1630 2536">
     <span class='ocr_line' id='line_1_34' title="bbox 296 2401 1630 2445; baseline 0.002 -13"><span class='ocrx_word' id='word_1_269' title='bbox 296 2401 314 2432; x_wconf 82' lang='lat'>8</span> <span class='ocrx_word' id='word_1_270' title='bbox 342 2401 565 2443; x_wconf 75' lang='lat' dir='ltr'>primoreque]</span> <span class='ocrx_word' id='word_1_271' title='bbox 602 2402 707 2443; x_wconf 86' lang='lat' dir='ltr'>primo</span> <span class='ocrx_word' id='word_1_272' title='bbox 734 2402 917 2444; x_wconf 83' lang='lat' dir='ltr'>ordineque</span> <span class='ocrx_word' id='word_1_273' title='bbox 945 2402 1015 2435; x_wconf 66' lang='lat' dir='ltr'>Gai.</span> <span class='ocrx_word' id='word_1_274' title='bbox 1049 2403 1132 2435; x_wconf 70' lang='lat'>1536</span> <span class='ocrx_word' id='word_1_275' title='bbox 1157 2405 1193 2434; x_wconf 66' lang='lat' dir='ltr'>‘in</span> <span class='ocrx_word' id='word_1_276' title='bbox 1218 2414 1329 2445; x_wconf 77' lang='lat' dir='ltr'>marg.</span> <span class='ocrx_word' id='word_1_277' title='bbox 1372 2403 1382 2445; x_wconf 67' lang='lat' dir='ltr'>[l</span> <span class='ocrx_word' id='word_1_278' title='bbox 1426 2404 1464 2435; x_wconf 82' lang='lat'>21</span> <span class='ocrx_word' id='word_1_279' title='bbox 1491 2415 1630 2436; x_wconf 83' lang='lat' dir='ltr'>conser-</span> 
     </span>
     <span class='ocr_line' id='line_1_35' title="bbox 203 2446 1628 2491; baseline 0.004 -15"><span class='ocrx_word' id='word_1_280' title='bbox 203 2446 331 2485; x_wconf 86' lang='lat' dir='ltr'>turino]</span> <span class='ocrx_word' id='word_1_281' title='bbox 361 2447 421 2478; x_wconf 79' lang='lat' dir='ltr'>lzoe</span> <span class='ocrx_word' id='word_1_282' title='bbox 449 2457 630 2489; x_wconf 74' lang='lat' dir='ltr'>cognomen</span> <span class='ocrx_word' id='word_1_283' title='bbox 656 2449 852 2489; x_wconf 77' lang='lat' dir='ltr'>corruptam</span> <span class='ocrx_word' id='word_1_284' title='bbox 877 2450 937 2479; x_wconf 77' lang='lat' dir='ltr'>est.</span> <span class='ocrx_word' id='word_1_285' title='bbox 981 2448 992 2490; x_wconf 82' lang='grc' dir='ltr'>Η</span> <span class='ocrx_word' id='word_1_286' title='bbox 1033 2449 1076 2480; x_wconf 71' lang='lat'>24</span> <span class='ocrx_word' id='word_1_287' title='bbox 1102 2449 1262 2491; x_wconf 87' lang='lat' dir='ltr'>crispino]</span> <span class='ocrx_word' id='word_1_288' title='bbox 1288 2451 1478 2491; x_wconf 72' lang='lat' dir='ltr'>requiritur</span> <span class='ocrx_word' id='word_1_289' title='bbox 1506 2449 1628 2491; x_wconf 79' lang='lat' dir='ltr'>prisco.</span> 
     </span>
     <span class='ocr_line' id='line_1_36' title="bbox 204 2489 1629 2536; baseline 0.003 -14"><span class='ocrx_word' id='word_1_290' title='bbox 204 2489 215 2532; x_wconf 67' lang='lat' dir='ltr'>l}</span> <span class='ocrx_word' id='word_1_291' title='bbox 268 2491 309 2521; x_wconf 86' lang='lat'>25</span> <span class='ocrx_word' id='word_1_292' title='bbox 355 2496 388 2523; x_wconf 91' lang='lat' dir='ltr'>et</span> <span class='ocrx_word' id='word_1_293' title='bbox 426 2492 511 2523; x_wconf 85' lang='lat' dir='ltr'>libro</span> <span class='ocrx_word' id='word_1_294' title='bbox 550 2491 688 2523; x_wconf 73' lang='lat' dir='ltr'>ut&#39;clelm·</span> <span class='ocrx_word' id='word_1_295' title='bbox 724 2501 837 2524; x_wconf 75' lang='lat' dir='ltr'>errore</span> <span class='ocrx_word' id='word_1_296' title='bbox 872 2495 1033 2535; x_wconf 69' lang='lat' dir='ltr'>scriplum</span> <span class='ocrx_word' id='word_1_297' title='bbox 1073 2505 1162 2534; x_wconf 80' lang='lat' dir='ltr'>esse;</span> <span class='ocrx_word' id='word_1_298' title='bbox 1199 2505 1281 2535; x_wconf 74' lang='lat' dir='ltr'>qaue</span> <span class='ocrx_word' id='word_1_299' title='bbox 1317 2497 1406 2526; x_wconf 72' lang='lat' dir='ltr'>enim</span> <span class='ocrx_word' id='word_1_300' title='bbox 1444 2497 1629 2536; x_wconf 73' lang='lat' dir='ltr'>sequantur</span> 
     </span>
    </p>
   </div>
   <div class='ocr_carea' id='block_1_3' title="bbox 203 2534 1629 2669">
    <p class='ocr_par' dir='ltr' id='par_1_14' title="bbox 203 2534 1629 2669">
     <span class='ocr_line' id='line_1_37' title="bbox 203 2534 1628 2581; baseline 0.003 -14"><span class='ocrx_word' id='word_1_301' title='bbox 203 2535 250 2567; x_wconf 83' lang='lat' dir='ltr'>ad</span> <span class='ocrx_word' id='word_1_302' title='bbox 278 2534 355 2568; x_wconf 58' lang='lat' dir='ltr'>libra·</span> <span class='ocrx_word' id='word_1_303' title='bbox 383 2536 404 2568; x_wconf 95' lang='lat' dir='ltr'>I</span> <span class='ocrx_word' id='word_1_304' title='bbox 430 2537 546 2569; x_wconf 70' lang='lat' dir='ltr'>liteclos</span> <span class='ocrx_word' id='word_1_305' title='bbox 576 2537 615 2568; x_wconf 79' lang='lat' dir='ltr'>sle</span> <span class='ocrx_word' id='word_1_306' title='bbox 639 2536 753 2580; x_wconf 72' lang='lat' dir='ltr'>&#39;pactis</span> <span class='ocrx_word' id='word_1_307' title='bbox 781 2539 813 2568; x_wconf 77' lang='lat' dir='ltr'>et</span> <span class='ocrx_word' id='word_1_308' title='bbox 841 2537 879 2569; x_wconf 82' lang='lat' dir='ltr'>de</span> <span class='ocrx_word' id='word_1_309' title='bbox 905 2540 1190 2571; x_wconf 72' lang='lat' dir='ltr'>transactionibus</span> <span class='ocrx_word' id='word_1_310' title='bbox 1213 2541 1390 2581; x_wconf 71' lang='lat' dir='ltr'>pertinent.</span> <span class='ocrx_word' id='word_1_311' title='bbox 1457 2538 1466 2581; x_wconf 65' lang='grc'>11</span> <span class='ocrx_word' id='word_1_312' title='bbox 1520 2540 1562 2571; x_wconf 87' lang='grc'>26</span> <span class='ocrx_word' id='word_1_313' title='bbox 1588 2540 1628 2571; x_wconf 87' lang='lat' dir='ltr'>ab</span> 
     </span>
     <span class='ocr_line' id='line_1_38' title="bbox 203 2581 1629 2630; baseline 0.004 -19"><span class='ocrx_word' id='word_1_314' title='bbox 203 2581 321 2612; x_wconf 89' lang='lat' dir='ltr'>inuitis</span> <span class='ocrx_word' id='word_1_315' title='bbox 353 2592 415 2613; x_wconf 84' lang='lat' dir='ltr'>om.</span> <span class='ocrx_word' id='word_1_316' title='bbox 447 2582 522 2615; x_wconf 82' lang='lat' dir='ltr'>Cod.</span> <span class='ocrx_word' id='word_1_317' title='bbox 548 2582 633 2614; x_wconf 71' lang='lat' dir='ltr'>last.</span> <span class='ocrx_word' id='word_1_318' title='bbox 678 2582 688 2624; x_wconf 75' lang='grc' dir='ltr'>[Ι</span> <span class='ocrx_word' id='word_1_319' title='bbox 732 2583 772 2613; x_wconf 74' lang='lat'>27</span> <span class='ocrx_word' id='word_1_320' title='bbox 800 2586 929 2622; x_wconf 85' lang='lat' dir='ltr'>contra]</span> <span class='ocrx_word' id='word_1_321' title='bbox 962 2585 1018 2616; x_wconf 92' lang='lat' dir='ltr'>uel</span> <span class='ocrx_word' id='word_1_322' title='bbox 1050 2590 1168 2617; x_wconf 85' lang='lat' dir='ltr'>contra</span> <span class='ocrx_word' id='word_1_323' title='bbox 1198 2585 1356 2617; x_wconf 64' lang='lat' dir='ltr'>Huschke.</span> <span class='ocrx_word' id='word_1_324' title='bbox 1400 2584 1409 2626; x_wconf 75' lang='grc' dir='ltr'>Η</span> <span class='ocrx_word' id='word_1_325' title='bbox 1453 2586 1546 2630; x_wconf 67' lang='lat' dir='ltr'>liunt]</span> <span class='ocrx_word' id='word_1_326' title='bbox 1573 2585 1629 2616; x_wconf 90' lang='lat' dir='ltr'>uel</span> 
     </span>
     <span class='ocr_line' id='line_1_39' title="bbox 204 2627 1627 2669; baseline 0.004 -12"><span class='ocrx_word' id='word_1_327' title='bbox 204 2631 323 2658; x_wconf 73' lang='lat' dir='ltr'>contra</span> <span class='ocrx_word' id='word_1_328' title='bbox 352 2627 455 2659; x_wconf 88' lang='lat' dir='ltr'>bonos</span> <span class='ocrx_word' id='word_1_329' title='bbox 482 2638 594 2660; x_wconf 88' lang='lat' dir='ltr'>mores</span> <span class='ocrx_word' id='word_1_330' title='bbox 620 2628 703 2659; x_wconf 84' lang='lat' dir='ltr'>fiunt</span> <span class='ocrx_word' id='word_1_331' title='bbox 730 2627 807 2659; x_wconf 78' lang='lat' dir='ltr'>Cocl.</span> <span class='ocrx_word' id='word_1_332' title='bbox 832 2628 916 2660; x_wconf 76' lang='lat' dir='ltr'>Just.</span> <span class='ocrx_word' id='word_1_333' title='bbox 960 2630 969 2669; x_wconf 44' lang='lat' dir='ltr'>{l</span> <span class='ocrx_word' id='word_1_334' title='bbox 1012 2630 1053 2661; x_wconf 68' lang='lat'>23</span> <span class='ocrx_word' id='word_1_335' title='bbox 1081 2635 1133 2662; x_wconf 79' lang='lat' dir='ltr'>est</span> <span class='ocrx_word' id='word_1_336' title='bbox 1158 2630 1243 2661; x_wconf 88' lang='lat' dir='ltr'>iuris</span> <span class='ocrx_word' id='word_1_337' title='bbox 1269 2630 1338 2661; x_wconf 74' lang='lat' dir='ltr'>Ino.</span> <span class='ocrx_word' id='word_1_338' title='bbox 1389 2630 1391 2667; x_wconf 71' lang='grc'>1</span> <span class='ocrx_word' id='word_1_339' title='bbox 1426 2641 1454 2662; x_wconf 86' lang='lat' dir='ltr'>a.</span> <span class='ocrx_word' id='word_1_340' title='bbox 1483 2631 1524 2662; x_wconf 64' lang='lat' dir='ltr'>Vt</span> <span class='ocrx_word' id='word_1_341' title='bbox 1555 2630 1627 2663; x_wconf 68' lang='lat' dir='ltr'>Cui.</span> 
     </span>
    </p>
   </div>
   <div class='ocr_carea' id='block_1_4' title="bbox 207 2662 1469 2713">
    <p class='ocr_par' dir='ltr' id='par_1_15' title="bbox 207 2662 1469 2713">
     <span class='ocr_line' id='line_1_40' title="bbox 207 2662 1469 2713; baseline 0.003 -9"><span class='ocrx_word' id='word_1_342' title='bbox 207 2671 306 2712; x_wconf 69' lang='lat'>1586,</span> <span class='ocrx_word' id='word_1_343' title='bbox 339 2683 367 2704; x_wconf 81' lang='lat' dir='ltr'>a.</span> <span class='ocrx_word' id='word_1_344' title='bbox 400 2672 471 2704; x_wconf 75' lang='lat' dir='ltr'>Cen&#39;.</span> <span class='ocrx_word' id='word_1_345' title='bbox 500 2673 599 2713; x_wconf 77' lang='lat'>1566,</span> <span class='ocrx_word' id='word_1_346' title='bbox 634 2674 737 2705; x_wconf 73' lang='lat'><strong>1577:</strong></span> <span class='ocrx_word' id='word_1_347' title='bbox 773 2685 801 2705; x_wconf 87' lang='lat' dir='ltr'>a.</span> <span class='ocrx_word' id='word_1_348' title='bbox 829 2672 883 2704; x_wconf 89' lang='lat' dir='ltr'>llll</span> <span class='ocrx_word' id='word_1_349' title='bbox 910 2679 943 2705; x_wconf 83' lang='lat' dir='ltr'>et</span> <span class='ocrx_word' id='word_1_350' title='bbox 967 2662 1102 2706; x_wconf 46' lang='lat' dir='ltr'>¹balbino</span> <span class='ocrx_word' id='word_1_351' title='bbox 1130 2686 1238 2707; x_wconf 83' lang='lat' dir='ltr'>conss.</span> <span class='ocrx_word' id='word_1_352' title='bbox 1269 2675 1346 2707; x_wconf 76' lang='lat' dir='ltr'>Cocl.</span> <span class='ocrx_word' id='word_1_353' title='bbox 1374 2679 1469 2709; x_wconf 78' lang='lat' dir='ltr'>reete.</span> 
     </span>
    </p>
   </div>
   <div class='ocr_carea' id='block_1_5' title="bbox 1671 1082 1710 1115">
    <p class='ocr_par' dir='ltr' id='par_1_16' title="bbox 1671 1082 1710 1115">
     <span class='ocr_line' id='line_1_41' title="bbox 1671 1082 1710 1115; baseline 0.026 -1"><span class='ocrx_word' id='word_1_354' title='bbox 1671 1082 1710 1115; x_wconf 89' lang='lat'>10</span> 
     </span>
    </p>
   </div>
   <div class='ocr_carea' id='block_1_6' title="bbox 1668 1365 1708 1398">
    <p class='ocr_par' dir='ltr' id='par_1_17' title="bbox 1668 1365 1708 1398">
     <span class='ocr_line' id='line_1_42' title="bbox 1668 1365 1708 1398; baseline 0 0"><span class='ocrx_word' id='word_1_355' title='bbox 1668 1365 1708 1398; x_wconf 80' lang='lat'>15</span> 
     </span>
    </p>
   </div>
   <div class='ocr_carea' id='block_1_7' title="bbox 1662 1648 1706 1683">
    <p class='ocr_par' dir='ltr' id='par_1_18' title="bbox 1662 1648 1706 1683">
     <span class='ocr_line' id='line_1_43' title="bbox 1662 1648 1706 1683; baseline 0.045 -2"><span class='ocrx_word' id='word_1_356' title='bbox 1662 1648 1706 1683; x_wconf 72' lang='grc' dir='ltr'>ΞΟ</span> 
     </span>
    </p>
   </div>
   <div class='ocr_carea' id='block_1_8' title="bbox 1652 1877 1749 1966">
    <p class='ocr_par' dir='ltr' id='par_1_19' title="bbox 1652 1877 1749 1966">
     <span class='ocr_line' id='line_1_44' title="bbox 1652 1877 1749 1904; baseline -0.01 -1"><span class='ocrx_word' id='word_1_357' title='bbox 1652 1885 1678 1904; x_wconf 78' lang='lat' dir='ltr'>a.</span> <span class='ocrx_word' id='word_1_358' title='bbox 1698 1877 1749 1902; x_wconf 87' lang='grc'>196</span> 
     </span>
     <span class='ocr_line' id='line_1_45' title="bbox 1660 1932 1704 1966; baseline 0 0"><span class='ocrx_word' id='word_1_359' title='bbox 1660 1932 1704 1966; x_wconf 78' lang='lat'>25</span> 
     </span>
    </p>
   </div>
   <div class='ocr_carea' id='block_1_9' title="bbox 1651 2157 1747 2181">
    <p class='ocr_par' dir='ltr' id='par_1_20' title="bbox 1651 2157 1747 2181">
     <span class='ocr_line' id='line_1_46' title="bbox 1651 2157 1747 2181; baseline 0 -1"><span class='ocrx_word' id='word_1_360' title='bbox 1651 2164 1674 2181; x_wconf 79' lang='lat' dir='ltr'>a.</span> <span class='ocrx_word' id='word_1_361' title='bbox 1697 2157 1747 2181; x_wconf 87' lang='grc'>213</span> 
     </span>
    </p>
   </div>
  </div>
 </body>
</html>
