1823 3016
120 399 196 439 7‚7

700 185 817 188 —-—
882 159 965 200 215
1028 183 1146 186 —
1240 167 1421 194 cossvmx
1442 158 1641 200 7,7-7a,1‚

326 279 420 318 Post
450 291 532 317 rem
566 278 773 317 iudicatam
807 284 978 330 pactum,
1011 276 1088 315 nisi
1120 275 1340 315 donationis
1372 288 1486 314 causa
1518 276 1640 315 inter-

212 343 394 389 ponatur,
428 335 577 374 seruari
608 348 687 374 non
720 341 858 387 potest.

331 392 527 443 intellegis
583 399 819 431 memoratae
870 389 1060 443 pactionis
1112 387 1434 428 constitutionem
1488 388 1642 426 iuridici

213 449 384 489 auctoris
417 449 624 488 sententiis
657 461 833 488 uacuam.
895 447 1002 498 quid,
1034 446 1206 497 inquam,
1243 445 1404 484 ulterius
1436 444 1644 495 requiren—

213 504 340 546 dum‘?
391 505 490 545 Dicit
521 518 610 557 pars
642 505 823 544 aduersa:
857 504 959 556 pacti
991 515 1128 542 sumus
1160 502 1282 540 libero
1320 501 1493 547 arbitrio,
1534 501 1641 540 nullo

213 563 385 614 cogentis
418 562 600 614 imperio,
642 561 710 601 tibi
748 568 785 601 et
827 561 938 600 bonis
978 559 1153 599 moribus
1200 564 1364 597 constat.
1427 557 1459 596 si
1491 564 1642 596 certum

213 632 291 659 non
323 625 459 658 contra
490 619 595 658 iussa
627 624 666 657 et
686 624 847 658 senatus
869 617 1059 663 consulta,
1091 628 1189 667 quae
1217 615 1384 654 iudicata
1407 620 1499 654 sunt
1522 614 1643 666 prius,

213 676 367 715 effectui
399 676 699 715 contradantur:
734 682 771 714 et
803 675 848 713 de
880 674 962 722 his,
1010 686 1108 725 quae
1151 671 1393 711 altercationi
1439 683 1645 723 superesse

214 738 446 779 noscuntur,
479 733 529 771 sit
561 732 702 782 dignus
733 744 777 771 ac
807 731 939 782 legalis
969 742 1160 769 numerus
1188 729 1376 775 iudicum,
1408 728 1475 779 qui
1505 735 1645 767 cuncta

214 790 288 829 lata
328 789 520 828 sententia
557 789 756 828 moderata
794 788 943 827 ratione
990 787 1190 837 discingat.
1252 786 1364 825 Certe
1411 785 1443 824 si
1486 797 1644 824 necesse

213 853 273 886 est
294 846 450 885 rusticis
482 845 751 897 improbisque
784 844 959 884 moribus
990 843 1134 894 aliquid
1157 842 1325 894 amplius
1348 841 1539 887 satisfieri,
1571 841 1646 893 ipsi

213 905 309 947 duo,
356 915 454 953 quos
492 902 602 953 quasi
641 904 811 954 praefata
850 901 996 940 cartula
1032 899 1271 945 nominauit,
1313 899 1386 938 sub
1426 898 1646 949 praesentia

213 960 424 999 electarum
466 971 745 1010 personarum,
785 959 989 997 defensore
1035 969 1191 1008 quoque
1237 955 1409 995 adhibito
1448 955 1646 1007 appellen-

214 1024 297 1059 tur,
352 1023 413 1061 ut,
479 1015 512 1054 si
561 1020 823 1067 praesumunt
884 1020 951 1052 aut
1003 1020 1145 1065 putant
1196 1012 1345 1051 iustum
1400 1012 1463 1051 uel
1513 1011 1646 1062 legale,

214 1073 375 1112 audiant
413 1085 512 1123 quae
549 1077 680 1123 partes
711 1069 952 1122 iurgantium
994 1069 1230 1108 crediderint
1259 1069 1491 1107 intimanda:
1534 1073 1572 1106 et
1614 1068 1646 1106 si

213 1129 336 1181 ipsius
375 1128 557 1174 cartulae,
600 1140 699 1179 quae
737 1127 814 1166 iam
852 1126 1093 1177 dignoscitur
1123 1125 1220 1164 iuris
1253 1125 1432 1164 formulis
1471 1130 1645 1171 uacuata,

214 1186 376 1225 modum
409 1186 620 1224 aestimant
651 1197 692 1223 se
724 1184 918 1235 supplere,
950 1188 1135 1234 promant
1167 1182 1212 1220 de
1244 1181 1385 1232 agnitis
1422 1181 1517 1232 legis
1555 1193 1646 1219 sen-

216 1242 391 1281 tentiam.
452 1242 564 1280 Tunc
595 1248 633 1281 et
662 1241 735 1293 ipsi
767 1239 949 1286 sentient,
981 1251 1080 1290 quae
1111 1238 1163 1277 sit
1193 1239 1393 1277 temeritas
1424 1237 1645 1283 iudicantis,

214 1299 280 1338 ubi
313 1298 443 1337 minor
471 1311 662 1337 numerus
696 1303 784 1350 post
816 1297 1015 1342 maiorem,
1046 1301 1244 1347 praeterea
1285 1301 1324 1334 et
1361 1294 1646 1345 religiosorum,

212 1368 310 1407 quos
342 1368 422 1394 non
454 1355 600 1394 summi
632 1354 880 1406 pontificatus
913 1354 1039 1392 honor
1069 1351 1222 1398 attollit,
1255 1357 1388 1391 contra
1411 1364 1473 1390 res
1504 1350 1647 1390 iudicio

215 1412 443 1452 terminatas
474 1411 785 1464 praesumpserit
823 1412 923 1449 ferre
962 1409 1219 1449 sententiam:
1253 1421 1297 1448 ac
1340 1408 1373 1447 si
1411 1407 1646 1454 destiterint,

214 1469 446 1508 contestatio
485 1469 689 1520 allegetur,
730 1467 818 1506 illos
855 1472 923 1506 aut
960 1466 1114 1505 differre
1152 1471 1220 1504 aut
1264 1477 1344 1504 non
1385 1476 1648 1516 praesumere,

213 1531 282 1565 aut
328 1525 558 1565 electionem
606 1525 795 1577 impleant
831 1522 1127 1575 paciscentium.
1194 1521 1352 1561 demum
1392 1521 1424 1559 si
1470 1533 1568 1572 quae
1609 1520 1647 1559 in

215 1583 507 1622 contentionem
555 1582 744 1628 ueniunt,
800 1586 867 1620 aut
912 1579 1092 1632 ampliori
1137 1591 1304 1617 numero
1359 1577 1531 1617 iudicum
1584 1584 1650 1616 aut

219 1651 398 1679 summae
430 1639 637 1691 potestatis
670 1644 765 1677 sunt
795 1637 956 1677 arbitrio
992 1635 1246 1675 decernenda.

331 1696 476 1735 Deinde
517 1708 610 1735 uero
644 1695 764 1746 (quod
797 1694 960 1733 minime
990 1695 1116 1732 fuerat
1146 1690 1410 1731 necessarium
1450 1690 1649 1730 consulta-

216 1753 361 1792 tionem
396 1759 570 1791 nostram
604 1752 682 1791 tuis
714 1750 949 1791 utilitatibus
989 1749 1194 1793 sciscitari)
1243 1748 1275 1788 si
1312 1761 1409 1787 auus
1448 1753 1649 1786 maternus

217 1809 351 1861 nepoti
382 1810 508 1860 aliqua
541 1809 755 1848 contulisse
787 1813 987 1852 noscatur,
1020 1813 1152 1845 utrum
1184 1805 1224 1844 in
1254 1805 1339 1844 iure
1371 1804 1455 1844 eius
1494 1816 1650 1843 manere

218 1867 395 1912 debeant,
428 1878 475 1904 an
510 1865 625 1904 matri
655 1865 695 1904 in
727 1864 977 1916 possessione
1008 1876 1078 1902 sua
1118 1862 1293 1901 consorti
1331 1860 1651 1914 persuasionibus

213 1923 374 1962 lubricis
406 1922 605 1974 imputari,
638 1934 708 1973 pro
731 1934 775 1960 eo
798 1922 977 1967 fortasse,
1014 1920 1117 1971 quod
1142 1918 1433 1958 usufructuaria
1456 1924 1579 1957 mater
1601 1917 1651 1956 sit

1692 504 1712 538 27!

1676 787 1718 820 10

1677 1125 1717 1159 15

1674 1410 1718 1443 20

1678 1693 1720 1726 25

215 1980 261 2019 de
292 1979 532 2031 proprietate
561 1978 628 2017 filii
651 1978 876 2024 constituta,
907 1990 964 2022 ac,
997 1977 1029 2016 si
1052 1976 1150 2016 filiae
1173 1975 1377 2028 proprium
1403 1975 1466 2014 uel
1488 1974 1648 2013 cuilibet
1673 1977 1718 2011 30

214 2043 398 2075 extraneo
426 2035 571 2086 aliquid
593 2035 828 2087 reliquisset,
861 2034 1020 2074 domino
1043 2034 1089 2072 de
1110 2033 1296 2072 facultate
1320 2045 1388 2071 sua
1412 2032 1545 2071 testari
1569 2043 1649 2070 non

215 2093 336 2139 licuit,
384 2104 553 2143 cumque
592 2093 707 2131 etiam
741 2091 774 2131 si
805 2097 915 2143 pater
946 2090 1015 2129 filii
1047 2096 1285 2142 superesset,
1324 2101 1396 2128 nec
1428 2089 1473 2127 ad
1505 2088 1649 2140 ipsum,

215 2150 262 2189 ab
293 2163 367 2189 auo
399 2155 577 2188 materno
609 2149 712 2200 quod
743 2148 878 2200 nepoti
909 2148 1096 2187 collatum
1127 2147 1267 2193 fuerat,
1306 2145 1538 2198 pertineret:
1577 2145 1650 2183 hoc

307 2235 334 2255 c.
363 2224 393 2263 7,
421 2223 437 2253 7
466 2223 570 2255 uerba
594 2233 628 2255 u.
655 2222 673 2253 3
701 2222 810 2254 libero
838 2246 845 2254 .
873 2246 881 2254 .
908 2247 915 2254 .
941 2222 961 2253 4
996 2221 1139 2264 imperio
1172 2231 1219 2252 eoe
1250 2219 1329 2252 eod.
1368 2218 1485 2252 Tlceod.
1518 2219 1549 2258 2,
1575 2219 1606 2258 9,
1632 2217 1650 2248 3

217 2272 357 2312 sumpta
382 2270 482 2300 sunt:
510 2268 555 2310 cf'.
582 2278 608 2300 c.
638 2270 668 2307 1,
697 2268 748 2299 12.

309 2357 328 2387 6
356 2355 422 2387 sibi
448 2355 546 2387 bonis
572 2354 721 2386 moribus
744 2358 878 2387 constet
900 2353 972 2386 Cui.
995 2353 1092 2393 1586,
1119 2353 1183 2385 tibi
1210 2357 1245 2384 et
1262 2352 1291 2383 b.
1312 2362 1351 2383 m.
1375 2355 1490 2383 consta
1511 2348 1653 2381 Momm-

216 2411 291 2432 sen:
319 2411 404 2442 quae
431 2403 618 2443 sequuntur·
643 2402 803 2442 corrupta
828 2402 920 2432 sunt.
955 2398 964 2440 ΙΙ
1001 2400 1018 2430 7
1047 2399 1139 2431 iussa
1166 2400 1211 2437 et]
1238 2399 1392 2440 empectes
1415 2397 1492 2437 fere
1517 2396 1570 2426 ius
1596 2399 1653 2426 aut

218 2447 482 2478 constitutiones
516 2451 583 2478 aut.
627 2443 638 2487 ΙΙ
679 2446 698 2476 9
725 2446 769 2477 sit
795 2445 929 2485 dignius
960 2444 1030 2476 Cui.
1061 2445 1159 2483 1577,
1193 2444 1223 2475 si
1250 2443 1369 2483 dignus
1400 2441 1472 2472 Cui.
1502 2440 1597 2473 1556.
1640 2440 1650 2481 ΙΙ

220 2494 259 2524 10
286 2492 458 2524 moderata
484 2491 619 2523 ratione
650 2489 720 2522 Cui.
743 2490 839 2529 1577,
866 2490 1100 2522 moderatione
1131 2489 1202 2521 Cal.
1233 2488 1328 2520 1586.
1356 2486 1365 2528 Η
1394 2488 1433 2519 12
1461 2486 1556 2527 quasi
1586 2495 1651 2517 om.

222 2536 292 2568 Cui.
316 2537 412 2578 1577,
442 2536 535 2579 quasi
561 2536 692 2568 iudices
718 2535 917 2567 Mommsen.
949 2534 959 2577 Η
993 2536 1032 2567 17
1061 2545 1144 2577 quae
1169 2533 1335 2572 Huschke,
1362 2532 1437 2573 quid
1466 2531 1537 2562 Cui.
1570 2530 1579 2572 Η
1609 2530 1651 2561 25

218 2584 317 2623 quod]
345 2593 407 2624 quo
434 2583 474 2614 de
501 2581 701 2614 Mommsen.
737 2579 747 2622 ΙΙ
784 2581 825 2612 26
852 2581 1026 2612 sciscitari
1053 2580 1206 2621 intellege
1227 2580 1365 2621 passz'ue
1390 2579 1602 2618 usurpatum.
1644 2575 1654 2618 Η

219 2627 261 2658 29
287 2633 395 2659 mater
422 2628 469 2659 sit
494 2638 559 2660 orn.
588 2627 657 2659 Cui.
684 2626 778 2659 1577.
809 2625 821 2668 l}
853 2625 894 2657 30
921 2626 1012 2657 filiae
1039 2625 1199 2668 propriae
1226 2623 1277 2663 (id
1298 2626 1348 2655 est
1373 2624 1486 2655 sorori
1507 2622 1653 2665 nepotis)

220 2674 372 2710 sortasse
402 2682 467 2705 scr.
511 2677 522 2715 Π
564 2673 602 2706 31
632 2672 779 2711 domino]
815 2671 879 2702 nisi
913 2672 1046 2703 domino
1080 2670 1277 2702 Mommsen.
1323 2668 1332 2711 ll
1374 2668 1415 2699 32
1446 2668 1550 2700 liceat
1581 2677 1654 2698 cum

223 2719 325 2750 etiam
352 2718 380 2749 si
406 2719 560 2760 fortasse
587 2728 652 2750 scr.
696 2717 705 2759 i}
748 2717 789 2748 33
816 2718 877 2748 hoc
905 2716 976 2748 Cui.
1001 2716 1099 2756 1556,
1125 2721 1161 2747 ut
1190 2715 1261 2747 Cui.
1283 2714 1380 2746 1577.
