1823 3016
14 705 129 746 2,1,1

1224 138 1418 164 connum
1439 128 1472 169 2,
1492 140 1571 165 1—3.

725 545 933 589 <TITVLVS
958 545 1004 588 11>

561 628 629 667 DE
675 628 892 667 ATROCI
936 628 1170 667 INIVRIA.

211 709 351 736 morsns
384 697 496 736 dicit:

268 755 306 793 Si
338 760 468 793 autem
501 754 778 794 contenderint
808 754 884 793 duo
916 754 991 793 uiri
1023 760 1061 793 et
1090 753 1329 805 percusserit
1359 753 1454 792 alter
1475 753 1573 792 alte-

154 823 241 850 rum
289 811 414 862 lapide
461 819 528 851 aut
574 825 706 863 pugno
751 817 790 850 et
833 824 912 850 non
959 811 1075 850 fuerit
1112 817 1305 857 mortuus,
1343 810 1619 849 decubuerit5

118 878 133 902 2
155 875 283 907 autern
318 868 357 906 in
388 868 542 916 lectulo,
593 875 632 907 et
677 870 709 907 si
755 881 918 919 surgens
964 868 1224 907 ambulanerit
1256 868 1373 906 homo
1405 867 1501 906 foris
1533 867 1573 905 in

14 1101 45 1140 2,
72 1113 131 1142 2‚1

13 1384 47 1426 2,
74 1396 133 1426 3‚1

154 925 303 970 baculo,
337 925 420 964 sine
452 926 614 964 crimine
645 925 719 964 erit
746 925 820 972 ille⁷
853 925 920 976 qui
957 937 1046 963 eun]
1080 931 1327 976 percusserat
1357 929 1511 976 praeter
1531 936 1576 962 ac

155 982 380 1021 cessationis
412 982 495 1021 eius
528 983 747 1021 mercedem
786 981 893 1020 dabit
923 981 957 1020 ei
989 988 1028 1020 et
1059 982 1208 1021 medico
1245 982 1427 1033 inpensas
1459 993 1576 1020 cura-

156 1039 287 1078 tionis.

212 1108 393 1134 vnpnmvs
423 1094 523 1133 libro
545 1094 731 1145 singulari
762 1095 982 1146 regularum
1018 1094 1089 1133 sub
1122 1094 1235 1133 titulo
1267 1094 1313 1133 de
1345 1094 1519 1133 iniuriis:

268 1151 425 1198 Iniuria,
458 1153 491 1190 si
521 1151 679 1203 quidem
725 1157 847 1198 atrox,
894 1152 933 1190 id
979 1157 1040 1190 est
1086 1152 1228 1202 grauis,
1267 1163 1346 1190 non
1384 1157 1456 1197 est,
1489 1151 1575 1189 sine

154 1208 292 1248 iudicis
333 1208 492 1248 arbitrio
535 1209 776 1248 aestimatur.
837 1215 1008 1248 atrocem
1048 1215 1179 1247 autem
1212 1207 1418 1247 aestimare
1450 1208 1575 1246 solere

155 1272 373 1318 praetorem
404 1265 521 1317 idque
566 1266 694 1317 colligi
738 1279 784 1304 ex
828 1266 943 1312 facto,
990 1271 1034 1305 ut
1064 1272 1157 1318 puta
1189 1266 1220 1304 si
1251 1265 1480 1304 uerberatus
1513 1265 1576 1304 uel

155 1323 385 1362 uulneratus
416 1323 503 1374 quis
535 1322 664 1362 fuerit.
725 1329 763 1362 et
793 1323 953 1374 reliqua.

213 1392 433 1418 PAPlNlANVS
465 1379 563 1418 libro
586 1380 860 1419 definitionum
883 1379 1054 1419 secundo
1077 1379 1150 1418 sub
1177 1379 1290 1418 titulo
1313 1379 1359 1418 de
1377 1378 1576 1417 iudicatis:
1608 1381 1650 1415 15

269 1437 343 1475 Per
373 1437 572 1475 hominem
604 1437 771 1475 liberum
802 1449 926 1476 noxae
948 1437 1122 1476 deditum
1154 1436 1188 1475 si
1219 1441 1371 1475 tantum
1401 1435 1580 1486 adquisi-

156 1502 241 1533 tum
274 1493 336 1540 sit,
369 1500 561 1544 quantum
603 1494 734 1533 damni
776 1493 893 1541 dedit,
927 1494 1206 1532 manumittere
1238 1492 1436 1543 cogendus
1468 1498 1528 1531 est
1559 1505 1579 1531 a

157 1557 336 1603 praetore
367 1550 435 1602 qui
465 1563 586 1589 noxae
618 1551 792 1590 deditum
825 1550 990 1602 accepit:
1023 1551 1090 1590 sed
1122 1550 1287 1589 fiduciae
1318 1549 1461 1589 iudicio
1498 1562 1580 1588 non

155 1614 324 1647 tenetur.

248 1745 275 1766 c.
298 1737 324 1767 1.
372 1733 484 1766 Emod.
511 1734 570 1767 21:
607 1734 681 1773 (18)
716 1731 780 1767 ἐὰν
809 1733 846 1768 δὲ
877 1733 1113 1789 λοιδορῶιται
1137 1728 1204 1766 δύο
1228 1731 1357 1779 ἄνδρες
1381 1733 1443 1766 καὶ
1467 1731 1585 1767 πάτα-

154 1780 247 1817 ξωσι
271 1778 336 1813 τὸν
362 1780 518 1821 πλησίον
541 1781 634 1822 why
662 1777 683 1822 ἢ
707 1779 842 1834 πυῃμῇ
858 1780 918 1812 καὶ
941 1779 993 1824 μὴ
1021 1776 1206 1826 ἀποθάνη,
1214 1779 1435 1834 κατακλιθῇ
1461 1778 1500 1812 δὲ
1522 1778 1584 1812 ἐπὶ

157 1823 222 1866 τὴν
241 1828 374 1866 κοίτην,
399 1825 471 1866 (19)
497 1822 562 1859 ἐὰν
578 1823 806 1862 ε’ξοινοεστὰςι
792 1838 810 1858 ο
828 1823 1023 1880 ἅνθρωπος
1039 1821 1282 1880 περιπατήσῃ
1290 1824 1353 1863 ἔξω
1371 1816 1433 1858 ἐπὶ
1450 1821 1586 1878 ῥάβδου

159 1869 282 1949 ξιθῶος
318 1870 420 1904 ἔσται
456 1869 475 1904 ὁ
508 1870 623 1909 πατά
614 1871 684 1908 ἓας·
721 1870 817 1913 πλὴν
853 1872 914 1913 τῆς
945 1869 1092 1918 ἀργείας
1123 1869 1237 1904 αὐτοῦ
1262 1869 1431 1904 ἀποτίσει
1455 1872 1516 1903 καὶ
1541 1867 1584 1904 τοὶ

174 1928 308 1962 ατρεια.

161 2008 205 2015 »Ν

1476 2007 1587 2014 »υνννκΑΛ

251 2074 271 2105 4
290 2074 505 2105 contenderit
523 2073 567 2106 V.
583 2072 598 2117 ΙΙ
616 2074 716 2114 alter]
733 2085 818 2106 unus
838 2074 893 2107 W.
923 2072 938 2117 ΙΙ
962 2076 980 2106 5
999 2074 1052 2117 lap
1057 2074 1144 2106 idem
1164 2073 1221 2106 W.
1236 2072 1251 2117 ΙΙ
1274 2074 1344 2106 dec.
1363 2076 1446 2114 aut]
1466 2079 1500 2106 et
1517 2074 1588 2105 dec.

161 2119 218 2152 W.
244 2118 261 2162 ΙΙ
282 2120 301 2151 6
320 2118 416 2160 foris]
434 2119 600 2151 Pithoeus
617 2119 663 2152 ad
681 2117 819 2160 Graeca,
844 2119 942 2151 fortis
960 2085 1052 2152 librz'p
1080 2117 1095 2163 ΙΙ
1125 2120 1142 2150 7
1164 2120 1296 2159 baculo]
1317 2120 1345 2151 b.
1364 2131 1424 2152 suo
1445 2119 1542 2158 V(?).
1573 2117 1589 2162 ΙΙ

161 2176 198 2197 ac
218 2165 433 2205 cessationis]
452 2176 489 2197 ac
508 2166 717 2197 cessationes
737 2165 781 2206 V,
806 2166 993 2197 acessionis
1012 2165 1051 2205 Β,
1076 2165 1281 2198 accessionis
1302 2164 1357 2198 W.
1384 2163 1400 2209 ΙΙ
1429 2166 1447 2198 8
1467 2166 1511 2205 ei]
1529 2175 1591 2198 aea

160 2211 199 2243 B.
253 2208 281 2253 ΙΙ
315 2211 511 2242 curationes
538 2209 593 2243 W.
646 2208 662 2254 ΙΙ
716 2210 756 2243 10
785 2211 941 2252 ulpianus
974 2211 1062 2243 libro
1099 2211 1267 2252 singulaii
1302 2213 1496 2251 regularum
1529 2211 1591 2251 (lib

160 2256 371 2295 singulorum
403 2256 442 2288 de
471 2255 528 2296 ΙΙ,
568 2256 656 2288 libro
686 2256 854 2295 regularis
885 2256 915 2289 B
939 2259 1035 2296 text„
1071 2257 1159 2289 libro
1186 2257 1339 2309 ¹legulari
1364 2256 1393 2288 B
1418 2257 1501 2294 ind.)
1529 2256 1590 2288 sub

162 2303 262 2333 titulo
289 2312 353 2333 om.
382 2301 424 2334 V.
462 2299 478 2345 ΙΙ
519 2302 668 2340 iniuriis]
694 2301 792 2334 iuriis
823 2302 850 2333 B
875 2301 983 2342 (ind).
1020 2300 1035 2345 ΙΙ
1074 2303 1111 2334 11
1145 2303 1292 2334 inimias
1319 2302 1378 2343 W,
1404 2312 1469 2334 om.
1491 2301 1533 2334 V.
1571 2299 1588 2344 ΙΙ

161 2347 278 2387 grauis
306 2358 369 2379 non
396 2349 459 2387 est]
485 2349 619 2390 scripsi,
648 2347 762 2387 g1auis
789 2353 841 2379 est
867 2359 929 2380 non
958 2327 1053 2389 VlV,
1082 2348 1180 2387 graui
1205 2358 1318 2380 rerum
1345 2358 1408 2379 non
1434 2347 1471 2379 B.
1502 2345 1518 2390 ΙΙ
1552 2349 1590 2378 12

164 2393 269 2425 iudici
290 2391 347 2424 W.
385 2391 402 2436 ΙΙ
436 2393 475 2426 13
483 2393 613 2479 ]idque]
641 2393 746 2435 adque
771 2392 808 2425 B.
849 2390 864 2436 ΙΙ
901 2394 981 2426 colli
985 2396 1032 2435 gi]
1056 2394 1115 2433 Bb,
1139 2394 1260 2434 collegi
1286 2393 1346 2433 Ba,
1372 2393 1514 2433 collegit
1533 2392 1591 2433 W,

165 2438 299 2480 colligit
324 2437 369 2471 V.
397 2436 413 2482 ΙΙ
439 2439 492 2479 ex]
521 2444 554 2471 et
575 2436 632 2470 W.
670 2436 685 2481 ΙΙ
716 2439 918 2471 uerberatur
934 2439 977 2472 V.
985 2405 1023 2483 gu
1049 2440 1118 2479 uel]
1145 2445 1202 2471 aut
1230 2438 1288 2472 W
1317 2437 1332 2482 ΙΙ
1361 2439 1402 2472 14
1428 2439 1501 2480 quis
1526 2449 1592 2470 om.

164 2483 203 2515 B.
242 2482 258 2527 ΙΙ
300 2485 339 2516 15
373 2484 572 2527 papinianus
603 2483 776 2526 (papianus
808 2483 905 2536 BIV)
937 2485 960 2517 l.
996 2486 1026 2516 d.
1062 2485 1305 2524 (definitiorum
1336 2484 1366 2516 B
1396 2483 1482 2524 ind.)
1510 2495 1536 2516 s.
1563 2495 1592 2516 s.

165 2529 265 2560 titulo
292 2539 355 2561 om.
384 2530 427 2562 V.
465 2527 481 2573 ΙΙ
522 2530 561 2561 de
595 2529 767 2568 iudicatis]
799 2530 839 2561 de
869 2530 891 2562 i.
917 2531 1074 2573 personis
1099 2531 1138 2563 V.
1183 2529 1199 2573 ΙΙ
1248 2531 1286 2563 16
1312 2530 1480 2562 hominem
1505 2530 1592 2562 libe-

165 2584 280 2606 rorum
307 2574 363 2616 W,
401 2575 571 2607 hominum
596 2575 784 2607 liberorum
810 2575 854 2608 V.
900 2573 916 2619 ΙΙ
958 2586 1065 2608 noxae
1100 2576 1260 2615 deditum]
1294 2575 1417 2607 noxiae
1444 2575 1593 2608 deditum

165 2619 205 2660 B,
236 2630 311 2651 mox
337 2622 376 2653 ad
404 2621 530 2653 editum
550 2619 608 2661 W,
642 2630 721 2652 mox
752 2620 878 2652 editum
897 2621 941 2654 V.
979 2620 995 2665 ΙΙ
1033 2622 1073 2654 17
1100 2622 1212 2664 quanti
1233 2620 1290 2654 W.
1323 2619 1338 2664 ΙΙ
1374 2621 1527 2653 damnum
1555 2621 1591 2653 Β.

170 2664 186 2708 ΙΙ
213 2665 325 2697 dedito
354 2666 409 2699 W
447 2664 463 2710 ΙΙ
506 2667 547 2698 18
573 2669 744 2709 praetore]
777 2671 894 2708 pretor
919 2672 954 2699 et
984 2667 1027 2709 V,
1058 2672 1255 2710 praetutore
1282 2672 1316 2699 et
1341 2666 1400 2700 W.
1435 2664 1452 2710 ΙΙ
1485 2656 1592 2699 noxae

164 2711 326 2751 deditum]
347 2709 403 2753 W,
429 2713 703 2745 noxaetaeditum
727 2712 766 2753 B,
793 2722 880 2744 noxa
905 2713 1053 2745 aeditum
1071 2713 1114 2746 V.
1145 2710 1161 2756 ΙΙ
1191 2712 1296 2745 iudici
1316 2711 1360 2745 V.
