1828 3011
215 135 564 175 COLLAT102‚6-7.
709 159 825 163 ——
890 134 972 174 146
1033 157 1149 160 —

212 255 453 294 demonstrat
474 253 667 298 iniuriam,
699 264 825 303 neque
856 251 921 297 ita,
960 254 1003 288 ut
1038 261 1107 301 per
1138 248 1445 288 disiunctionem
1469 248 1542 287 hoc
1565 253 1635 287 aut

211 312 305 350 illud
336 311 518 350 accidisse
549 309 849 361 conprehendat,
881 306 946 345 sed
978 310 1023 344 ut
1054 317 1215 344 necesse
1249 305 1387 344 habeat
1418 310 1484 343 aut
1514 316 1634 343 unam

213 368 371 407 nomine
402 380 472 406 suo
503 379 585 405 rem
618 366 817 416 designare
849 370 916 402 aut
946 362 1076 413 plures
1107 361 1159 399 ita
1194 361 1396 412 conplecti,
1430 367 1472 400 ut
1498 373 1636 400 omnes

76 426 108 469 ’2,
133 437 278 466 e‚3eas
323 424 506 463 accidisse
546 428 708 472 cogatur
753 420 928 472 probare.
989 424 1140 457 certum
1187 423 1317 456 autem
1360 430 1407 456 an
1440 418 1634 456 incertum

218 482 328 526 dieat,
376 479 543 531 cognitio
587 478 711 530 ipsius
757 475 943 528 praetoris
985 480 1056 513 est.
1117 475 1360 513 demonstrat
1397 480 1525 513 autem
1559 474 1633 512 hoc

214 538 298 577 loco
330 544 484 589 praetor
527 548 606 574 non
643 546 779 573 uocem
811 532 972 583 agentiS,
1005 530 1071 569 sed
1103 530 1258 581 qualem
1291 530 1500 569 formulam
1534 531 1636 569 edat.

182 600 368 633 4certum
415 605 494 631 non
539 592 642 638 dicit,
689 590 755 641 qui
801 589 893 627 dicit
933 588 1130 639 pulsatum
1170 599 1211 625 se
1254 586 1338 625 siue
1370 587 1636 626 uerberatum.

217 651 284 689 sed
317 656 355 689 et
385 656 534 700 partem
566 647 738 698 corporis
771 646 1013 684 demonstrat
1044 650 1081 682 et
1103 655 1221 694 quern
1244 643 1284 681 in
1308 643 1484 690 modum,
1505 656 1637 695 pugno

216 713 309 759 puta
355 718 402 744 an
433 706 535 744 fuste
566 716 614 742 an
645 702 781 754 lapide,
829 701 931 740 sicut
960 700 1127 739 formula
1159 699 1360 751 proposita
1391 705 1469 738 est:
1521 699 1636 751 ‘quod

218 763 316 802 ‘Auli
337 761 451 812 Ageri
483 760 580 799 mala
608 772 738 811 pugno
760 770 944 810 percussa
967 756 1050 796 est'.
1101 757 1195 795 illud
1219 769 1297 795 non
1320 755 1471 807 cogitur
1492 756 1635 803 dicere,

217 820 348 858 dextra
379 830 427 856 an
459 817 627 862 sinistra,
661 828 731 854 nec
761 828 835 866 qua
868 826 986 853 manu
1017 825 1202 865 percussa
1234 813 1295 852 sit.
1346 812 1439 851 item
1472 812 1505 851 si
1536 812 1637 851 dicat

181 876 446 919 5infamatum
469 878 528 912 ‘se
566 886 662 920 esse,
709 872 822 911 debet
858 871 1020 917 adicere,
1058 869 1389 921 quemadmodum
1425 870 1637 908 infamatus

218 933 279 971 sit.
340 931 396 970 sic
434 930 536 969 enim
575 935 613 968 et
642 929 808 967 formula
840 933 1024 978 concepta
1056 933 1130 965 est:
1172 926 1288 977 ‘quod
1318 925 1528 965 Numerius
1558 925 1637 964 Ne-

218 989 357 1040 ‘gidius
387 987 557 1026 libellum
592 986 699 1025 misit
730 986 826 1023 Aulo
858 985 997 1035 Agerio
1028 983 1242 1022 infamandi
1273 982 1410 1021 causa'.

76 1052 193 1096 2,⁷‚1
276 1057 416 1084 PAVLVS
461 1043 558 1082 libro
605 1042 886 1081 sententiarum
937 1040 1098 1091 [quinto]
1145 1040 1217 1078 sub
1260 1039 1372 1078 titulo
1418 1038 1465 1078 ad
1511 1038 1634 1090 legem

391 1099 607 1139 Corneliam
641 1100 687 1138 de
719 1098 865 1137 sicariis
897 1104 934 1136 et
965 1096 1169 1135 ueneficis:

332 1158 455 1197 Causa
486 1156 623 1195 mortis
653 1155 791 1194 idonea
822 1167 901 1193 non
932 1154 1103 1200 uidetur,
1136 1165 1225 1191 cum
1250 1165 1385 1191 caesus
1408 1152 1526 1191 homo
1548 1157 1639 1203 post

217 1214 365 1265 aliquot
395 1213 477 1252 dies
509 1212 680 1251 officium
713 1212 871 1250 diurnae
904 1210 1006 1249 uitae
1037 1209 1209 1248 retinens
1242 1208 1406 1248 decessit
1436 1208 1512 1248 nisi
1534 1210 1639 1247 forte

221 1271 340 1310 fuerit
369 1270 415 1309 ad
447 1281 581 1308 necem
615 1281 749 1307 caesus
780 1274 847 1306 aut
876 1267 1040 1306 letaliter
1072 1266 1312 1305 uulneratus.

305 1419 331 1439 c.
362 1409 379 1439 7
405 1408 480 1439 ltine
505 1408 580 1439 rest.
604 1405 737 1438 Paulus
763 1405 794 1447 5,
820 1405 875 1447 23,
902 1406 933 1437 5.

1225 1511 1243 1519 ν

310 1589 324 1620 1
358 1588 580 1619 demonstram
608 1585 686 1620 Wa.
736 1585 746 1628 Η
796 1596 900 1627 neque
932 1586 978 1617 ita
1012 1609 1019 1616 .
1039 1609 1046 1616 .
1065 1609 1073 1616 .
1093 1609 1100 1616 .
1133 1584 1298 1616 accidisse
1331 1583 1526 1623 (accidisset
1553 1582 1639 1622 BV)

216 1646 243 1666 c.
262 1645 288 1665 s.
306 1645 337 1665 u.
360 1645 389 1664 n.
407 1635 438 1665 h.
457 1644 484 1664 a.
511 1642 608 1664 unam
627 1631 757 1663 nomine
775 1631 915 1671 (nomini
935 1630 977 1669 V,
1008 1630 1151 1662 nominis
1168 1629 1211 1670 B)
1236 1640 1304 1661 rem
1322 1630 1374 1669 (re
1392 1629 1435 1668 B)
1462 1629 1639 1669 designare

215 1680 391 1718 (Pithoeus
421 1678 466 1710 ad
488 1678 567 1719 Dsgz
593 1678 648 1716 47,
674 1677 727 1718 10,
753 1677 770 1707 7
794 1686 848 1719 pr.
876 1677 904 1716 1,
935 1676 1106 1708 destinare
1131 1675 1215 1714 BV)
1246 1679 1304 1706 aut
1340 1675 1467 1717 plures]
1499 1684 1534 1706 se
1559 1674 1638 1713 (om.

214 1725 364 1767 reliquis)
392 1723 448 1756 W.
504 1723 514 1766 Η
568 1724 586 1755 3
613 1722 760 1765 conpleti
790 1721 876 1753 libri.
917 1720 927 1764 Η
967 1722 987 1753 4
1013 1725 1124 1752 autem
1149 1723 1202 1760 an]
1228 1725 1286 1752 aut
1313 1719 1370 1752 W.
1413 1719 1424 1763 Η
1465 1720 1484 1750 5
1509 1719 1640 1760 cogitio

219 1770 276 1803 W.
311 1769 322 1812 Η
356 1774 407 1801 est
433 1779 494 1801 om.
516 1768 557 1801 V.
591 1766 601 1809 Η
635 1768 862 1799 demonstrata
888 1767 975 1798 libri.
1011 1766 1021 1809 Η
1054 1766 1073 1797 6
1099 1766 1249 1807 ageretis
1269 1766 1306 1806 B,
1332 1765 1475 1805 egeritis
1493 1764 1593 1797 VW.
1625 1763 1636 1807 Η

217 1816 232 1845 7
262 1825 297 1846 se
324 1814 395 1846 siue
420 1814 647 1852 uerberatum]
672 1814 720 1844 sie
742 1813 817 1855 fere
835 1812 996 1853 Huschke,
1022 1812 1051 1843 si
1076 1812 1157 1851 (sibi
1178 1811 1246 1849 Va)
1271 1811 1317 1843 sit
1334 1810 1532 1842 uerberatus
1550 1809 1637 1842 libri.

217 1859 233 1904 Η
265 1861 283 1892 8
310 1861 354 1900 et]
382 1860 411 1891 ei
438 1859 494 1892 W.
537 1857 546 1901 Η
589 1859 795 1890 demonstret
824 1857 897 1889 edd.
942 1856 951 1899 Η
1000 1857 1172 1888 immodum
1201 1856 1241 1897 V,
1278 1856 1311 1888 in
1343 1855 1439 1887 modo
1467 1854 1522 1887 W.
1565 1854 1576 1897 Η
1616 1855 1636 1886 9

215 1910 293 1948 puto
312 1904 398 1936 libri.
432 1904 442 1947 Η
471 1905 615 1946 lapidem
632 1901 721 1935 BW.
752 1902 761 1945 Η
792 1902 968 1935 formulam
985 1901 1026 1935 V.
1059 1901 1069 1944 Η
1100 1903 1286 1944 proposita]
1306 1901 1401 1942 VW,
1427 1901 1535 1943 posita
1552 1901 1589 1931 B.
1625 1900 1636 1943 Η

215 1951 300 1993 quod
323 1950 393 1981 auli
411 1951 504 1990 ageri
523 1949 647 1990 (agerii
665 1948 707 1988 B)
732 1959 839 1990 pugno
864 1949 949 1979 mala
976 1948 1162 1988 (Pithoeus,
1183 1947 1270 1979 mola
1288 1947 1375 1988 BV)
1393 1956 1482 1988 perc.
1504 1950 1555 1977 est
1572 1955 1635 1978 om.

218 1996 273 2035 W,
300 1997 428 2027 ineerta·
449 1995 535 2026 mala
561 2004 667 2037 pugno
685 2003 765 2037 ego:
793 1994 877 2036 quod
896 1993 983 2024 Aulo
1002 1993 1128 2034 Agerio
1148 2003 1164 2024 a
1184 1991 1344 2024 Numerio
1362 1991 1508 2032 Negidio
1526 2001 1636 2033 pugno

216 2053 256 2073 1n.
276 2052 304 2083 p.
324 2051 354 2074 e.
376 2040 533 2072 Huschke.
577 2039 587 2082 Η
632 2039 671 2070 10
699 2044 838 2079 cogetur
866 2038 907 2071 V.
949 2037 959 2080 Η
999 2039 1129 2070 diceret
1155 2037 1192 2069 B.
1226 2036 1236 2080 Η
1275 2039 1311 2070 11
1339 2037 1516 2069 sinistram
1540 2035 1580 2068 B.
1622 2037 1636 2077 Η

217 2097 277 2118 nec
302 2087 377 2127 qua]
403 2096 506 2127 nequa
534 2084 608 2125 BV,
635 2095 737 2127 neque
765 2083 820 2116 W.
861 2082 871 2125 Η
912 2094 1028 2116 manus
1049 2083 1103 2116 W.
1147 2081 1158 2126 Η
1199 2093 1358 2125 percussa
1383 2082 1440 2122 sit]
1470 2081 1634 2122 Huschke,

215 2131 383 2174 percussit
412 2131 499 2163 libri.
553 2130 563 2173 Η
614 2130 707 2169 item]
733 2130 780 2162 ita
807 2129 896 2161 libri.
951 2128 961 2172 Η
1025 2130 1063 2162 12
1090 2129 1261 2160 addiceret
1285 2127 1322 2160 B.
1377 2126 1387 2170 Η
1439 2126 1634 2159 infamatum

217 2177 282 2210 Va,
313 2178 326 2217 11
357 2175 397 2208 13
424 2181 458 2208 et
483 2187 546 2208 om.
573 2174 668 2207 VW.
711 2173 721 2217 Η
764 2174 904 2206 fermula
928 2174 966 2206 B.
1008 2174 1020 2217 Η
1060 2174 1232 2206 numedius
1256 2173 1295 2214 B,
1320 2172 1492 2204 nomedius
1519 2171 1563 2212 V,
1600 2173 1632 2203 in

216 2223 366 2254 numerio
395 2220 451 2254 W.
494 2220 504 2263 Η
546 2221 693 2260 nigidius
711 2220 787 2260 BV,
813 2220 940 2260 nigidio
962 2218 1019 2252 W.
1061 2219 1071 2262 Η
1115 2220 1156 2251 14
1181 2219 1332 2250 libellum
1354 2218 1460 2257 misit]
1485 2218 1536 2249 sic
1559 2217 1636 2259 fere

218 2267 399 2309 Voncltz‘us,
434 2267 531 2298 illum
563 2266 692 2298 inmisit
716 2265 806 2297 libri:
847 2265 960 2297 sillum
992 2265 1120 2297 inmisit
1146 2263 1298 2302 Astnaud,
1332 2263 1465 2295 sibilum
1493 2263 1633 2295 immisit

215 2312 372 2352 Huschke,
409 2312 515 2344 fimum
543 2311 682 2343 immisit
711 2309 810 2342 Lenel
831 2309 959 2353 paling.
992 2311 1003 2341 1
1039 2321 1071 2354 p.
1093 2310 1191 2350 1113,
1226 2309 1284 2341 sed
1307 2309 1429 2341 horum
1452 2308 1632 2339 uerborum

217 2357 349 2390 nullum
373 2356 556 2400 formulae
580 2359 699 2399 aptum
724 2359 784 2388 est.
837 2354 848 2398 Η
903 2357 942 2389 15
969 2357 1086 2397 paulus
1112 2356 1226 2397 (paulo
1252 2354 1279 2386 B
1304 2353 1388 2394 ind.)
1414 2353 1502 2385 libro
1528 2353 1632 2391 (liber

220 2404 287 2444 W)
316 2415 342 2435 s.
369 2403 485 2446 quinto
511 2405 590 2441 (om.
617 2401 714 2441 BW)
745 2412 771 2433 s.
789 2406 813 2433 t.
832 2402 871 2432 ad
899 2402 920 2432 l.
947 2402 1130 2433 corneliam
1155 2411 1220 2432 om.
1246 2399 1289 2432 V.
1343 2398 1353 2441 Η
1407 2399 1446 2430 16
1473 2398 1632 2430 beneficis

220 2449 276 2492 W,
313 2448 485 2480 ueneficiis
512 2447 556 2488 V,
594 2447 745 2478 benificis
772 2446 809 2478 B.
852 2446 861 2489 Η
905 2447 944 2478 17
971 2447 1045 2487 uon]
1078 2457 1119 2477 no
1141 2446 1183 2479 V.
1226 2444 1236 2488 Η
1277 2446 1407 2483 caesus]
1437 2444 1548 2475 laesus
1572 2443 1631 2475 Pi-

217 2494 343 2526 thoeus.
385 2492 395 2536 Η
440 2493 478 2525 18
511 2493 642 2534 aliquos
667 2492 742 2525 BV.
789 2490 799 2533 Η
847 2492 1046 2525 diuuternae
1071 2492 1108 2524 Β.
1150 2490 1160 2534 Η
1201 2490 1359 2528 decessit]
1391 2489 1496 2521 cessit
1515 2488 1571 2521 W.
1616 2488 1628 2532 Η

218 2540 258 2570 19
284 2541 409 2578 necem]
435 2539 541 2570 uicem
560 2537 615 2571 W.

1665 757 1711 790 10

1664 1039 1709 1073 15
