1828 3011
232 164 430 195 ‚connum
452 153 506 195 12,
525 165 551 193 τ.
714 173 829 177 -—
894 153 975 194 180
1037 170 1153 174 —

232 270 458 325 inpetrare?
495 271 670 311 fortassis
703 271 806 310 enim
839 270 884 309 de
915 270 989 308 hoc
1020 267 1185 307 senserit
1213 268 1413 308 Proculus.
1455 268 1530 307 nisi
1559 267 1647 318 quis

91 331 147 371 12,
162 341 215 371 ⁷,9
234 330 373 370 dixerit
417 329 547 368 damni
583 341 662 367 non
706 328 793 367 facti
834 326 1012 365 sufficere
1049 323 1282 363 cautionem.
1343 325 1409 363 sed
1441 331 1478 363 et
1516 324 1548 363 si
1580 324 1645 374 qui

178 737 212 761 10

232 386 337 426 serui
372 385 552 436 inquilini
582 384 750 423 insulam
784 381 1015 427 exusserint,
1045 381 1143 418 libro
1175 380 1208 418 X
1239 380 1394 420 Vrseius
1424 381 1543 420 refert
1575 380 1646 419 Sa·-

231 443 366 483 binum
405 441 652 493 respondisse
693 441 774 490 iege
811 437 961 489 Aquilia
1003 449 1208 475 seruorum
1246 437 1403 476 nomine
1441 437 1644 476 dominum

229 499 359 538 noxali
389 498 531 537 iudicio
563 496 896 536 conueniendum:
931 506 976 532 ex
1002 493 1126 532 locato
1147 499 1277 531 autem
1300 493 1500 532 dominum
1523 492 1646 532 teneri

230 562 356 606 negat.
424 554 611 593 Proculus
658 559 788 591 autem
828 549 1051 601 respondit,
1090 561 1178 588 cum
1216 549 1342 588 coloni
1379 550 1482 589 serui
1514 549 1645 588 uillam

233 610 464 657 exusserint,
502 610 684 649 colonum
716 608 778 647 uel
809 620 854 646 ex
884 607 1009 645 locato
1042 606 1103 644 uel
1133 606 1214 656 lege
1246 605 1396 657 Aquilia
1427 606 1561 652 teneri,
1593 605 1647 644 ita

231 675 276 707 ut
305 668 467 707 colonus
500 678 633 705 seruos
664 670 798 716 posset
831 675 953 702 noxae
991 662 1130 701 dedere
1171 669 1208 700 et
1239 662 1271 701 si
1302 674 1380 701 uno
1410 662 1553 701 iudicio
1584 673 1646 700 res

233 730 336 763 esset
356 723 532 768 iudicata,
565 722 684 760 altero
706 720 872 772 amplius
894 732 971 758 non
994 719 1198 770 agendum.
1258 718 1352 757 item
1384 718 1517 758 Celsus
1548 717 1646 756 libro

231 780 370 819 XXVII
401 778 639 829 digestorum
672 777 824 816 scribit:
871 776 916 823 si,
949 788 1037 814 cum
1069 787 1159 827 apes
1192 787 1299 813 meae
1329 774 1375 813 ad
1406 781 1493 813 tuas
1523 774 1644 813 aduo-

232 837 388 882 lassent‚
421 842 463 874 tu
495 847 558 873 eas
585 833 791 878 exusseris,
813 832 1001 883 quosdam
1023 844 1162 882 negare
1184 837 1389 883 conpetere
1409 830 1503 881 legis
1525 830 1647 881 Aqui-

232 893 304 931 liae
334 891 539 938 actionem,
571 891 672 929 inter
702 902 798 940 quos
829 895 867 928 et
894 889 1116 935 Proculum,
1149 888 1259 938 quasi
1280 900 1371 939 apes
1394 887 1541 926 domini
1573 887 1647 925 mei

232 960 311 988 non
348 948 504 987 fuerint.
555 947 621 986 sed
643 947 681 985 id
710 946 851 985 falsum
873 958 957 984 esse
980 945 1112 984 Celsus
1144 946 1206 991 ait,
1239 957 1326 983 cum
1357 956 1446 996 apes
1468 943 1647 983 reuenire

233 1005 383 1044 soleant
417 1011 455 1043 et
486 1003 630 1043 fructui
661 1003 755 1042 mihi
785 1002 874 1041 sint.
927 1002 992 1040 sed
1023 1001 1212 1040 Proculus
1243 1013 1287 1040 eo
1318 1007 1512 1046 mouetur,
1543 1000 1646 1051 quod

232 1073 304 1100 nec
335 1066 559 1100 mansuetae
588 1072 660 1099 nec
689 1059 741 1098 ita
772 1059 922 1098 clausae
952 1058 1111 1096 fuerint.
1157 1058 1239 1109 ipse
1270 1064 1399 1096 autem
1432 1056 1564 1096 Celsus
1595 1056 1648 1095 ait

231 1117 330 1156 nihil
364 1117 467 1156 inter
502 1118 571 1156 has
602 1123 640 1156 et
670 1115 868 1155 columbas
898 1115 1101 1161 interesse,
1133 1127 1243 1166 quae,
1285 1114 1317 1152 si
1349 1126 1508 1153 manum
1538 1114 1647 1152 refu-

232 1174 355 1225 giunt,
393 1174 497 1213 domi
528 1179 658 1212 tamen
695 1172 860 1223 fugiunt.

297 1370 304 1377 .
324 1335 356 1376 ο..
379 1323 408 1365 7,
435 1323 464 1355 9.
513 1322 673 1356 Proculus
711 1340 753 1345 -—
791 1320 951 1362 agendum
975 1337 1019 1346 z
1043 1321 1125 1362 Dz‘g.
1157 1320 1187 1360 9,
1220 1319 1251 1360 2,
1281 1320 1336 1359 27,
1372 1320 1407 1353 11
1447 1317 1647 1361 quibusdam

233 1379 409 1453 omzsgisi,
437 1413 476 1445 10
502 1413 531 1445 si
557 1423 630 1445 cum
655 1431 697 1436 —
724 1412 898 1444 exusseris
915 1427 959 1437 z
978 1410 1057 1454 Dig.
1083 1411 1114 1449 9,
1141 1409 1172 1450 2,
1198 1410 1252 1450 27,
1280 1409 1331 1441 12.

324 1611 339 1642 1
368 1611 534 1653 imperare
553 1609 581 1641 B
598 1611 710 1650 (tem,
729 1619 793 1641 non
812 1609 904 1649 ind).
935 1607 944 1651 Η
976 1608 1140 1640 fortasses
1160 1605 1217 1640 W.
1248 1606 1258 1649 Η
1288 1606 1308 1638 2
1334 1617 1397 1638 11011
1415 1605 1511 1645 facti]
1529 1604 1647 1637 infecti

233 1662 310 1694 nuto
337 1655 416 1699 Dig.
445 1656 458 1696 Η
486 1656 554 1697 qui]
579 1656 651 1697 quis
676 1655 763 1687 lz'brz'.
795 1654 805 1697 Η
835 1654 854 1686 3
881 1654 1032 1686 exuserit
1049 1653 1089 1693 B,
1115 1653 1270 1685 exurerit
1288 1651 1333 1693 V,
1359 1651 1571 1684 excusserint
1589 1648 1646 1683 W.

233 1702 243 1744 Η
274 1702 362 1734 libro
390 1712 412 1732 x
437 1711 499 1733 om.
520 1699 562 1733 V.
596 1699 606 1742 Η
640 1701 719 1732 urbs
745 1700 817 1732 eius
839 1698 895 1742 W,
920 1700 1013 1731 urbis
1039 1699 1110 1731 eius
1131 1697 1172 1731 V.
1207 1696 1217 1740 Η
1251 1696 1361 1730 refere
1382 1696 1422 1729 V.
1454 1695 1464 1738 Η
1495 1696 1646 1728 sauinum

231 1745 321 1780 BW.
341 1747 351 1789 Η
370 1748 390 1779 4
407 1747 513 1788 legem
532 1746 688 1787 aquiliam
709 1744 764 1778 W.
786 1745 795 1787 Η
814 1746 832 1776 5
859 1745 984 1785 noxali]
1009 1755 1077 1776 nox
1099 1744 1138 1775 ab
1157 1742 1196 1783 B,
1215 1743 1344 1774 noxiali
1364 1740 1421 1774 W.
1443 1740 1453 1784 Η
1471 1741 1646 1773 inuenien-

233 1793 308 1824 dum
328 1791 385 1825 W.
427 1790 437 1833 Η
478 1795 594 1831 togato
615 1789 706 1830 VW,
734 1791 860 1822 tolcato
879 1789 917 1822 B.
959 1788 969 1831 Η
1011 1791 1030 1821 6
1057 1791 1167 1828 negat]
1194 1789 1291 1820 debet
1311 1785 1367 1819 W.
1401 1786 1412 1829 Η
1446 1791 1556 1818 autem
1581 1796 1646 1818 om.

232 1837 310 1879 Dtg.
344 1836 355 1879 Η
397 1836 580 1879 respondit]
609 1835 691 1874 RB,
723 1836 773 1868 ait
799 1836 889 1878 De'ga,
923 1845 985 1866 om.
1006 1833 1062 1867 W.
1106 1837 1115 1877 Η
1158 1834 1250 1865 illam
1270 1831 1326 1865 W.
1368 1831 1378 1872 Η
1421 1832 1438 1863 7
1469 1832 1648 1863 exuserint

233 1881 273 1923 B,
299 1883 455 1915 exuerint
481 1881 537 1921 W,
563 1881 716 1912 exurerit
734 1880 777 1921 V,
805 1880 1014 1913 exussissent
1040 1880 1117 1921 Dz‘g.
1154 1879 1163 1921 Η
1193 1879 1339 1911 locatum
1367 1875 1407 1910 V.
1439 1876 1450 1919 Η
1479 1877 1535 1908 uel
1559 1877 1646 1917 lege]

232 1927 288 1959 uel
313 1938 355 1960 ex
380 1928 453 1968 lege
478 1926 571 1968 Diga,
600 1927 672 1966 lege
691 1925 730 1958 B.
771 1925 780 1966 Η
822 1931 936 1958 tenere
956 1923 1049 1965 VW,
1074 1935 1137 1957 om.
1157 1923 1195 1956 B.
1237 1922 1246 1965 Η
1289 1923 1308 1955 8
1333 1932 1454 1954 seruus
1478 1926 1593 1964 posset
1609 1920 1646 1962 B,

234 1983 367 2005 seruum
392 1977 506 2015 posset
529 1973 640 2012 (posse
659 1969 728 2011 W)
755 1969 848 2010 VW,
874 1971 982 2013 possit
1007 1980 1123 2002 seruos
1149 1969 1218 2007 (uel
1241 1970 1389 2006 seruum)
1413 1967 1491 2009 Εἰς.
1536 1966 1546 2009 Η
1591 1967 1648 1998 de-

233 2018 323 2050 derit
347 2017 385 2049 B.
430 2018 440 2059 Η
481 2017 500 2048 9
534 2021 625 2048 esset
649 2026 711 2048 om.
739 2014 795 2049 W.
840 2016 850 2059 Η
891 2017 1034 2048 alterum
1054 2013 1110 2047 W.
1153 2014 1163 2057 Η
1204 2015 1331 2054 agendo
1356 2012 1416 2045 Ba.
1456 2012 1467 2054 Η
1509 2012 1594 2044 idem
1618 2010 1648 2042 B

234 2062 332 2102 (ind.)
359 2061 451 2096 VW.
495 2060 505 2103 Η
547 2062 670 2093 celsius
702 2060 730 2092 B
761 2061 861 2102 (ind.)
889 2059 946 2093 W.
988 2060 997 2102 Η
1042 2062 1081 2092 10
1114 2061 1327 2100 degestorum
1352 2057 1381 2089 B
1406 2057 1505 2099 (ind.)
1532 2055 1588 2089 W.
1631 2056 1642 2098 Η

234 2108 371 2150 scripsit
390 2107 430 2140 V.
471 2106 481 2148 Η
522 2117 600 2148 apes
628 2116 691 2138 om.
713 2105 769 2138 17.
802 2108 816 2147 Η
850 2107 1060 2138 reuolassent
1081 2104 1137 2138 W.
1174 2104 1185 2148 Η
1227 2107 1264 2138 11
1291 2109 1328 2136 tu
1354 2106 1424 2143 eas]
1440 2103 1531 2146 Dig„
1555 2107 1644 2134 totas

234 2152 308 2194 BV,
334 2158 369 2185 et
392 2157 483 2184 totas
507 2151 562 2184 W.
603 2150 613 2194 Η
656 2152 807 2183 exuserit
831 2151 871 2193 B,
903 2156 935 2183 et
960 2151 1102 2183 iusserit
1121 2150 1165 2190 V,
1196 2149 1380 2182 eiusserint
1399 2148 1455 2182 W.
1497 2148 1507 2191 Η
1548 2157 1644 2189 quos-

234 2198 306 2230 dam
340 2198 532 2239 (quodamni
551 2197 605 2237 V)
637 2207 760 2238 negare
791 2198 926 2236 (necare
946 2195 1012 2237 17)
1038 2206 1101 2227 om.
1119 2196 1198 2238 Dz‘g.
1239 2194 1249 2237 Η
1291 2205 1384 2237 conp.
1411 2195 1475 2234 leg.
1503 2203 1552 2235 aq.
1578 2193 1644 2233 (aq.

235 2243 299 2284 leg.
320 2241 390 2283 W)
415 2243 491 2283 act.]
517 2243 539 2274 l.
566 2252 616 2284 aq.
643 2247 707 2274 act.
734 2253 826 2284 conp.
851 2242 931 2284 Dtg.
970 2240 980 2283 ll
1020 2242 1058 2273 12
1085 2242 1176 2273 inter
1200 2251 1280 2283 quos
1307 2245 1340 2272 et
1364 2239 1534 2281 proculum
1560 2237 1644 2275 (-lus

238 2286 305 2329 W)
331 2313 337 2320 .
358 2313 365 2320 .
383 2312 390 2320 .
417 2298 492 2320 esse
517 2298 582 2319 om.
608 2287 688 2329 Dtg.
724 2287 734 2330 Η
767 2288 806 2319 13
832 2288 957 2319 celsius
984 2291 1036 2318 est
1053 2286 1110 2320 W.
1143 2286 1153 2329 Η
1182 2286 1319 2318 euenire
1337 2283 1411 2324 BV,
1437 2283 1567 2316 eueniri
1585 2280 1643 2314 W.

234 2332 246 2376 Η
290 2334 329 2365 14
354 2333 465 2365 solent
483 2331 538 2366 W.
574 2332 584 2375 Η
616 2331 759 2364 fructum
788 2331 829 2364 V.
873 2331 883 2373 Η
924 2332 1017 2371 mihi]
1043 2332 1137 2364 missi
1161 2331 1198 2363 B.
1241 2330 1251 2373 Η
1293 2335 1370 2362 sunt
1393 2330 1477 2362 libri.
1520 2328 1530 2371 Η
1571 2337 1645 2359 eum

237 2383 391 2410 mouetur
410 2377 451 2417 V,
477 2382 705 2410 commonetur
732 2375 787 2410 W.
829 2376 839 2419 Η
885 2378 922 2410 15
952 2378 998 2409 ita
1025 2377 1118 2409 cluse
1139 2376 1181 2417 V,
1212 2378 1297 2408 cista
1327 2375 1461 2407 clausae
1486 2371 1643 2405 Huschke.

236 2423 246 2466 Η
278 2426 355 2467 post
379 2423 505 2502 thegan}
530 2425 594 2455 ins.
624 2423 667 2456 hd
692 2423 751 2463 (=
768 2423 822 2455 hic
846 2423 955 2463 deest)
981 2421 1020 2454 B.
1055 2421 1065 2464 Η
1099 2423 1225 2454 celsius
1243 2419 1352 2462 VWb‚
1379 2420 1499 2453 celsa*
1518 2416 1595 2451 Wa,
1632 2417 1644 2460 Η

238 2470 279 2501 16
305 2479 402 2501 manu
500 2493 508 2501 .

1674 772 1719 806 10

1676 1055 1718 1090 15
