1823 3016
639 146 1084 187 ——113—

154 265 427 314 bibliotheca1)
473 264 596 316 ipsius
647 265 865 304 aliorumue
917 264 1020 303 curis
1056 264 1286 316 prodierunt
1323 265 1497 315 Ansegisi
1542 273 1580 305 et

152 321 351 361 Benedicti
388 321 545 360 Leuitae
585 322 807 374 capitularia
846 320 992 372 (15483
1035 324 1082 360 ct'.
1121 321 1205 360 MG.
1246 321 1319 360 LL.
1358 321 1372 359 1
1405 334 1440 372 p,
1465 321 1577 372 263),

152 378 300 430 leiani
347 379 499 428 regulae
539 380 694 426 (1549),
741 379 867 418 Photii
909 391 1152 417 nomocanon
1191 377 1325 416 Latine
1373 390 1510 416 uersus
1559 392 1578 417 a

152 435 341 474 Gentiano
375 435 540 474 Herveto
583 435 741 485 (1561),
787 436 848 475 lex
881 435 1002 474 Salica
1041 436 1213 486 aliaeque
1252 434 1398 473 similes
1431 435 1578 485 (1573;

151 493 199 530 cf.
240 492 383 531 Stobbe
422 492 703 545 Reclecsquellen
728 494 747 531 1
773 506 808 544 p.
833 493 887 543 9),
925 492 1136 531 Marcellini
1176 492 1329 531 comitis
1367 492 1579 530 chronicon

151 548 310 599 (1619),
358 550 532 588 narrauit
568 550 682 588 Petro
715 549 889 597 Pithoeo,
938 556 980 588 ut
1017 552 1136 589 refert
1172 548 1235 587 hic
1271 549 1311 587 111
1354 549 1578 588 Collationis

152 606 321 644 editione
353 607 494 645 emissa
527 619 559 645 a.
596 606 700 645 1573
734 620 770 658 p.
804 607 868 652 66,
914 607 1107 645 ‘habuisse
1138 606 1345 657 aliquando
1378 606 1427 644 se*
1461 606 1581 657 prisci

150 663 362 714 scriptoris,
395 664 459 714 qui
492 676 579 702 cum
615 664 755 715 Moysis
787 663 935 715 legibus
957 664 1152 703 Romanas
1184 663 1427 709 contulisset,
1462 663 1577 713 ‘frag-

150 726 279 759 menta
326 733 464 772 pauca,
512 720 654 771 quibus
699 721 761 759 ille
808 721 945 760 Licinii
991 721 1121 760 Rufini
1167 733 1310 759 nomen
1359 720 1578 759 tribuebat’.

149 777 311 815 eandem
352 777 613 816 narrationem
654 785 851 829 acceptam
890 778 972 816 sine
1011 778 1127 817 dubio
1169 777 1215 816 ab
1247 777 1382 816 eodem
1414 777 1578 815 Pitlioeo

148 840 306 873 secutus
338 834 561 873 Charondas
600 834 639 873 in
678 835 916 886 praefatione
954 835 1094 887 scripta
1133 847 1164 873 a.
1200 834 1308 873 1572
1348 834 1489 873 librum
1533 834 1579 872 de

148 891 351 930 collatione
393 892 520 942 legum
554 891 821 930 Romanorum
864 898 902 931 et
932 892 1073 943 Moysis
1105 892 1158 931 ait
1189 891 1293 931 credi
1324 904 1408 930 esse
1442 890 1579 930 Licinii

146 947 290 986 Rufini.
326 948 418 987 item
444 948 623 987 Cuiacius
645 955 850 999 postquam
875 949 913 987 in
937 949 1257 988 obseruationum
1280 948 1378 987 libro
1403 948 1467 986 VII
1489 960 1521 987 c.
1540 948 1578 995 2,

147 1005 212 1055 qui
244 1004 415 1055 primum
448 1005 593 1056 prodiit
622 1018 655 1044 a.
681 1004 846 1056 15642)‚
884 1006 986 1044 inter
1020 1006 1116 1044 iuris
1138 1012 1316 1044 auctores
1338 1005 1578 1044 Christianos

145 1062 277 1112 posuit
300 1061 489 1100 Licinium
513 1061 715 1109 Rufinum,
738 1069 969 1112 argumento
992 1063 1099 1101 nullo
1122 1063 1246 1108 allato,
1275 1063 1341 1101 sed
1365 1062 1577 1113 respiciens

145 1119 309 1156 fortasse
331 1118 591 1157 narrationem
615 1119 718 1157 illam
739 1119 940 1166 Tilianarn,
966 1119 1003 1157 in
1027 1119 1320 1158 recitationibus
1343 1119 1389 1157 ad
1410 1118 1576 1157 Paulum

144 1175 405 1226 interpretans
456 1175 595 1214 Licinii
645 1175 777 1215 Rufini
829 1176 998 1215 auctoris
1050 1176 1272 1226 regularum
1327 1176 1352 1214 1.
1400 1175 1485 1213 XIII
1531 1175 1576 1214 ad

142 1232 306 1272 Paulum
354 1232 538 1284 scriptam
582 1233 784 1285 epistulam
825 1233 925 1284 (Dig.
958 1233 1024 1279 40,
1061 1232 1124 1280 13,
1157 1233 1199 1283 4)
1248 1233 1303 1271 sic
1334 1232 1403 1271 ait:
1444 1232 1488 1270 ‘is
1520 1239 1579 1271 est

143 1289 197 1328 ‘L.
227 1289 393 1328 Rufinus
425 1289 491 1340 qui
523 1290 689 1329 contulit
718 1290 821 1340 leges
854 1290 914 1329 dei
943 1303 1031 1329 cum
1061 1290 1210 1341 legibus
1236 1289 1369 1341 populi
1391 1289 1576 1327 Romani:

143 1346 230 1386 ‘fuit
251 1347 355 1385 enim
381 1346 639 1393 Christianus,
667 1353 705 1386 et
726 1347 788 1386 illa
811 1347 977 1392 collatio,
1006 1360 1103 1399 quae
1126 1360 1205 1386 non
1227 1347 1279 1385 ita
1303 1346 1451 1385 dudum
1477 1346 1577 1385 edita

142 1409 214 1443 ‘est
245 1417 265 1442 a
295 1404 411 1443 Petro
443 1404 618 1449 Pithoeo,
658 1404 775 1443 habet
805 1404 844 1443 in
877 1405 1041 1456 quadam
1083 1404 1315 1444 bibliotheca
1348 1403 1578 1442 Germaniae

142 1461 370 1512 ‘praefixum
418 1473 561 1499 nomen
607 1461 745 1500 Licinii
791 1461 948 1500 Rufini.'
1008 1461 1202 1500 Licinium
1245 1461 1431 1500 Rufinum
1479 1460 1576 1499 iuris

141 1525 339 1557 auctorem
372 1517 412 1556 in
436 1517 602 1568 Digestis
633 1518 851 1557 adhibitum
876 1525 919 1557 ut
945 1518 992 1557 ab
1020 1519 1094 1557 hoc
1125 1517 1407 1557 commentario
1439 1518 1574 1556 aetatis

142 1574 435 1614 Theodosianae
462 1575 631 1614 alienum
655 1588 739 1614 esse
763 1588 899 1614 omnes
922 1575 1184 1621 consentiunt,
1217 1575 1269 1614 ita
1292 1575 1395 1626 quod
1419 1574 1574 1613 Husch-

142 1631 231 1670 kius
253 1638 499 1671 commentus
523 1639 581 1671 est
603 1628 723 1671 misso
747 1632 893 1671 Licinio
915 1639 1114 1672 auctorem
1138 1632 1359 1671 habendum
1383 1644 1469 1670 esse
1489 1631 1574 1670 Ru-

142 1689 264 1727 finum
299 1689 523 1741 Hieronymi
560 1689 757 1740 aequalem
795 1689 943 1728 nemini
975 1689 1114 1741 opinor
1144 1689 1337 1741 probauit.
1402 1695 1479 1728 tota
1511 1701 1573 1727 res

143 1746 281 1785 nititur
311 1747 533 1785 narratione
556 1746 644 1784 Tilii
674 1760 694 1785 a
716 1747 879 1785 Pithoeo
906 1747 1024 1786 relata
1048 1747 1155 1798 (nani
1180 1746 1378 1786 Cuiacium
1402 1746 1573 1797 pendere

142 1815 188 1841 ex
209 1803 376 1842 narratis
398 1803 471 1842 sibi
493 1816 512 1842 a
535 1803 698 1842 Pithoeo
720 1816 799 1842 non
822 1804 987 1854 dubito),
1020 1817 1147 1855 neque
1169 1804 1292 1842 Tilius
1314 1816 1402 1842 eum
1426 1803 1570 1842 librum

141 1860 324 1899 habuisse
371 1873 410 1899 se
450 1860 556 1907 dixit,
605 1861 670 1899 sed
710 1860 855 1899 uidisse
897 1874 938 1900 se
979 1861 1019 1899 111
1055 1861 1288 1900 bibliotheca
1326 1860 1458 1899 nescio
1497 1872 1572 1910 qua

142 1917 383 1965 Germaniae,
425 1918 542 1956 modo
579 1917 708 1956 omnia
747 1918 841 1957 haec
870 1931 940 1970 per
977 1931 1043 1957 ora
1080 1918 1252 1970 plurium
1291 1923 1396 1956 recte
1434 1917 1572 1956 tradita

141 1974 367 2013 habeamus.
420 1974 452 2013 si
485 1974 582 2014 uidit
604 1974 825 2014 Collationis
856 1976 1078 2027 exemplum
1111 1975 1265 2026 aliquod
1299 1974 1382 2013 siue
1408 1974 1446 2013 id
1468 1974 1572 2025 quod

140 2038 274 2084 postea
306 2031 459 2070 Pithoei
495 2032 641 2071 factum
676 2038 732 2071 est
764 2032 847 2071 siue
880 2032 1094 2079 diuersum,
1136 2039 1240 2071 certe
1272 2031 1410 2071 Licinii
1441 2031 1572 2070 Rufini

141 2101 286 2128 nomen
319 2089 353 2127 ei
385 2089 668 2140 praescriptum
700 2088 823 2128 fuisse
854 2102 992 2141 parum
1025 2089 1218 2136 credibile,
1256 2101 1345 2128 cum
1379 2087 1572 2127 eiusmodi

141 2146 311 2186 auctoris
344 2158 488 2184 nomen
521 2159 617 2185 aeuo
648 2146 918 2185 Theodosiano
951 2159 1089 2198 parum
1123 2147 1344 2186 conueniat.

255 2204 292 2242 6.
316 2203 519 2242 Canonum
551 2203 693 2255 sylloge
717 2216 814 2242 saec.
836 2203 888 2242 XI
917 2204 956 2242 in
981 2204 1086 2243 ltalia
1119 2204 1320 2256 superiore
1342 2203 1389 2242 ab
1411 2202 1571 2242 ecclesi-

141 2260 261 2299 astico
308 2261 475 2311 quodam
521 2273 566 2298 ex
604 2260 760 2299 Hiberia
806 2261 972 2300 oriundo
1015 2262 1187 2313 quinque
1227 2261 1336 2300 libris
1384 2261 1571 2306 ordinata,

142 2323 295 2356 seruata
326 2318 366 2356 in
400 2317 596 2356 codicibus
629 2317 887 2357 Vallicelliano
919 2318 959 2356 B.
996 2319 1043 2357 11
1079 2318 1213 2370 (quem
1246 2318 1405 2357 adhibui
1437 2324 1571 2368 utpote

139 2374 325 2413 Vaticano
363 2374 687 2425 emendatiorem)
732 2381 770 2413 et
807 2375 990 2414 Vaticano
1030 2388 1068 2414 n.
1105 2375 1212 2415 1339
1253 2382 1290 2414 et
1332 2374 1501 2414 Casinati
1532 2386 1570 2411 n.

141 2431 222 2471 216
253 2431 358 2470 inter
399 2439 576 2484 excerpta
615 2444 660 2470 ex
692 2431 839 2471 Iuliano
877 2433 1095 2503 complura!
1115 2433 1213 2471 libro
1253 2440 1391 2483 quarto
1423 2444 1454 2470 c.
1491 2430 1570 2469 106

142 2489 242 2540 (cod.
266 2489 347 2528 Vat.
371 2490 396 2528 f.
423 2489 518 2533 188)
550 2489 678 2528 locum
712 2489 829 2528 huius
860 2489 979 2528 libelli
1015 2491 1047 2536 1,
1072 2491 1095 2528 7
1128 2491 1239 2528 asse1t
1270 2490 1343 2528 sub
1365 2489 1436 2527 hac
1457 2500 1571 2540 prae-

142 2546 372 2620 scriptione:
405 2547 464 2585 ‘de
497 2546 706 2585 homicidio
732 2546 803 2621 (1111
830 2547 1035 2621 aliquando
1054 2547 1330 2621 absoluuntur,
1363 2546 1570 2597 aliquando

163 2614 230 2621 Ν]
231 2614 333 2621 ἪΝΛ·
335 2615 394 2622 m
403 2616 433 2621 ⁴⁷„
436 2616 457 2621 J
458 2616 498 2622 JJ⁴⁷
501 2616 515 2621 ⁴-
518 2616 564 2622 JJ⁴⁷
567 2616 621 2622 JJJ
632 2616 679 2621 JJ⁴⁷
681 2616 712 2621 J.
773 2615 977 2622 ,Nsmwmss
988 2616 1011 2621 ⁷>⁷
1212 2614 1249 2621 ⁷⁴»,
1259 2614 1437 2621 JJJ⁴⁷.⁷Jx⁷⁴⁷NJ
1448 2615 1453 2617 ⁷
1458 2614 1570 2621 ⁴1⁴r⁴⁷⁴n⁷s⁴⁷

234 2643 260 2683 ³)
287 2647 368 2677 ΚαΊ
371 2639 456 2680 ozac
481 2646 555 2677 τῶι
580 2638 800 2676 (ἷποστοὶωτ
817 2644 927 2676 'Filius
955 2620 1062 2677 edidit
1080 2615 1217 2678 111540
1236 2655 1278 2677 ex
1297 2645 1412 2677 codice
1430 2645 1568 2676 inuento

144 2688 276 2721 Pictaui
302 2690 334 2721 in
362 2690 567 2723 bibliotheca
595 2692 832 2722 canonicorum
859 2690 889 2721 S.
914 2692 1049 2723 Hilaiii.

234 2734 259 2774 2)
286 2736 418 2768 Adsunt
443 2737 522 2768 haec
548 2738 650 2768 uerba
677 2737 706 2767 in
736 2738 806 2778 ipsa
833 2736 983 2768 editione
1009 2737 1170 2779 principe,
1199 2746 1293 2778 quam
1319 2746 1391 2768 mea
1418 2746 1517 2768 causa
1538 2736 1568 2767 in

143 2779 349 2813 bibliotheca
376 2781 532 2814 Parisina
559 2783 708 2825 inspexit
734 2780 907 2824 professor
933 2782 968 2814 P.
995 2782 1030 2814 F.
1060 2781 1195 2814 Girard.

215 2836 356 2863 Collectio
376 2838 431 2865 ΙΙΙ.
1333 2842 1355 2874 S
