1823 3016
666 153 783 159 ———
847 136 925 176 191
991 153 1109 156 ———
1282 142 1475 169 connA'mo
1499 133 1552 175 16,
1573 146 1598 169 2.

183 255 342 296 nomine
359 255 502 305 exlege
520 253 623 293 Aelia
643 254 774 294 Sentia
791 253 855 293 uel
877 266 923 292 ex
945 257 1103 292 senatus
1120 251 1298 291 consulto
1322 257 1410 302 post
1432 257 1597 290 mortem

184 313 302 366 patris
333 324 446 351 causa
478 311 696 362 [probaturz
736 323 827 350 nam
866 316 905 350 et
940 309 980 348 hi
1017 309 1110 348 uiuo
1141 315 1249 360 patre
1281 309 1408 357 causa]
1438 308 1599 359 probata

0 347 2 431 Ξ
47 371 222 415 16,2‚ein
253 375 442 421 potestate
474 368 557 407 eius
588 368 710 407 futuri
742 373 883 407 essent.
948 366 1078 418 [quod]
1111 372 1150 404 et
1180 365 1227 404 de
1257 377 1302 403 eo
1333 365 1424 410 filio,
1456 365 1523 415 qui
1554 378 1600 404 ex

0 678 4 820 l

0 827 5 974 ἱ

0 604 2 644 l

0 1309 3 1492 ἱ

182 426 306 479 prima
338 425 558 464 secundaue
589 424 872 477 mancipatione
903 431 991 476 post
1020 428 1184 462 mortem
1208 421 1328 473 patris
1352 421 1602 460 manumitti-

147 493 162 520 τ
183 490 259 529 tur,
291 482 573 533 intellegemus.
639 482 780 533 [igitur]
811 494 898 521 cum
931 481 1033 519 filius
1064 479 1190 519 filiaue
1222 486 1261 519 et
1291 491 1337 517 ex
1368 480 1488 517 altero
1521 478 1599 516 filio

144 1285 160 1310 9

145 1347 160 1370 0

180 545 342 591 nepotes
373 546 559 591 neptesue
591 546 734 586 extant,
767 539 911 590 pariter
941 538 987 577 ad
1020 537 1273 576 hereditatem
1308 542 1499 574 uocantur
1530 547 1602 573 nec

182 596 250 647 qui
281 597 400 647 gradu
432 595 590 648 propior
622 602 692 641 est,
726 595 948 634 ulteriorem
981 593 1162 633 excludit.
1203 605 1368 644 aequum
1403 592 1505 630 enim
1540 593 1602 631 ui-

182 653 296 692 detur
316 660 477 704 nepotes
500 660 687 704 neptesue
709 653 748 691 in
770 652 891 704 patris
914 651 974 690 sui
996 651 1123 690 locum
1147 650 1448 702 portionemque
1466 661 1603 688 succe-

183 710 284 749 dere.
345 710 428 761 pari
460 709 609 749 ratione
640 716 678 748 et
709 708 741 748 si
772 721 892 761 nepos
922 708 1102 760 neptisue
1134 707 1185 747 sit
1216 720 1262 746 ex
1292 707 1369 745 filio
1397 712 1436 745 et
1456 719 1502 745 ΒΧ
1531 718 1602 744 118-

145 778 162 802 8
182 773 272 819 pote
303 779 498 818 pronepos
528 766 793 818 proneptisue‚
826 766 943 805 simul
974 771 1176 804 uocantur.
1238 770 1276 803 et
1306 763 1396 814 quia
1426 763 1602 815 placebat

179 829 343 875 nepotes
381 830 586 875 neptesue‚
624 823 717 862 item
750 829 985 875 pronepotes
1022 827 1285 873 proneptesue
1316 821 1355 859 in
1387 821 1510 872 patris
1542 819 1603 859 sui

181 881 309 920 locum
352 880 576 927 succedere,
614 880 852 918 conueniens
889 892 972 919 esse
1009 880 1136 917 uisum
1176 885 1236 917 est
1271 890 1349 916 non
1387 877 1427 916 in
1464 877 1602 928 capita,

181 937 248 976 sed
280 936 319 975 in
352 937 492 989 stirpes
523 936 756 975 hereditates
788 936 921 982 diuidi,
953 937 1005 975 ita
1037 942 1080 974 ut
1101 935 1203 974 tilius
1227 934 1428 974 dimidiam
1450 940 1600 986 partem

181 993 408 1033 hereditatis
439 996 537 1032 ferat
559 994 621 1043 [et]
645 1006 691 1031 ex
712 993 832 1031 altero
855 993 933 1031 filio
956 993 1032 1031 duo
1054 992 1238 1043 pluresue
1259 998 1420 1043 nepotes
1441 991 1602 1030 alteram

182 1050 403 1090 dimidiam:
440 1050 535 1089 item
573 1049 606 1088 si
642 1062 687 1088 ΒΧ
725 1049 877 1088 duobus
909 1049 997 1088 filiis
1027 1054 1190 1100 nepotes
1222 1055 1371 1095 extent,
1404 1060 1450 1086 ex
1480 1047 1602 1086 altero

181 1107 260 1146 filio
305 1119 408 1146 unus
452 1107 554 1145 forte
587 1106 647 1144 uel
694 1106 807 1156 [duo]
854 1119 900 1144 ex
938 1106 1058 1145 altero
1098 1111 1176 1143 tres
1208 1111 1275 1143 aut
1305 1111 1509 1155 quattuor,
1538 1104 1603 1154 [ad

181 1176 303 1203 unum
337 1169 404 1202 aut
433 1163 478 1202 ad
511 1163 608 1201 duos
640 1161 797 1201 dimidia
827 1175 918 1214 pars
949 1161 1142 1214 pertineat
1172 1167 1211 1200 et
1231 1162 1277 1200 ad
1301 1168 1377 1200 tres
1400 1167 1467 1200 aut
1487 1168 1604 1212 quat-

181 1221 282 1270 tuor]
315 1219 432 1259 altera
464 1219 636 1258 dimidia.

293 1276 346 1315 De
377 1275 540 1327 agnatis.
591 1276 624 1315 si
645 1275 778 1315 nullus
801 1275 852 1315 sit
872 1288 1033 1315 suorum
1058 1275 1260 1322 heredum,
1293 1280 1388 1314 tunc
1409 1273 1602 1313 hereditas

179 1333 349 1386 pertinet
369 1346 415 1372 ex
436 1333 569 1372 eadem
591 1333 673 1384 lege
695 1332 899 1372 duodecim
923 1333 1143 1372 tabularum
1165 1332 1212 1371 ad
1233 1338 1406 1383 agnatos.
1454 1343 1603 1370 uocan-

183 1422 1243 1431 ‘s‘ssfjlffssJlsss-‘fstf‘lffffaefaeaeaetaesaelaeftaefaeaeaefsfflflsJsN
1246 1421 1603 1430 sssssssssssssssssssss

273 1475 287 1506 1
316 1475 460 1514 nomine]
488 1474 660 1513 Pithoeus,
686 1476 820 1506 nomina
845 1474 933 1507 libri.
986 1473 996 1517 Η
1048 1474 1141 1506 helia
1160 1473 1217 1507 W.
1272 1473 1282 1516 Η
1333 1484 1374 1506 ex
1401 1484 1463 1506 om.
1485 1471 1541 1506 W.
1592 1472 1604 1516 Η

181 1524 317 1552 senatus
343 1520 509 1559 consulto]
538 1519 616 1560 (V),
646 1524 798 1551 senatum
824 1520 1014 1553 consultum
1031 1519 1072 1559 B,
1098 1525 1236 1552 senatus
1254 1521 1428 1552 consultus
1448 1518 1504 1552 17,
1541 1518 1551 1562 Η
1587 1520 1606 1550 2

206 1565 343 1597 robatur
370 1590 377 1597 .
396 1590 402 1597 .
424 1590 431 1597 .
457 1567 569 1604 causa]
598 1564 713 1604 Gaius,
751 1576 814 1598 om.
842 1565 929 1598 libri.
983 1564 993 1607 Η
1048 1566 1067 1598 3
1093 1566 1189 1608 quod]
1221 1564 1334 1606 Gaius,
1373 1575 1436 1597 om.
1464 1565 1554 1597 libri.
1596 1564 1606 1607 Η

182 1611 227 1651 et]
261 1611 363 1643 etiam
398 1609 513 1643 Gaius.
557 1610 566 1653 Η
609 1621 647 1643 eo
681 1611 763 1650 filio]
797 1610 907 1644 officio
933 1610 990 1644 W.
1033 1611 1043 1654 Η
1085 1614 1105 1644 4
1130 1611 1339 1652 secundaque
1366 1610 1431 1643 Gai
1462 1609 1547 1643 liber
1577 1613 1608 1642 et

181 1658 300 1690 nostri.
342 1654 353 1698 Η
395 1657 652 1698 mancipatione]
678 1655 750 1696 (V)
779 1656 893 1697 Gaius,
927 1657 1249 1700 aemancipationem
1268 1656 1308 1697 B,
1338 1657 1606 1698 emancipatione

183 1701 240 1736 W.
283 1701 293 1744 Η
334 1712 462 1735 manum
488 1702 638 1734 mittitur
662 1702 749 1734 libri.
787 1702 797 1745 Η
833 1705 850 1734 5
877 1703 1106 1744 intellegimus
1125 1702 1201 1743 BV,
1226 1703 1286 1735 ille
1312 1703 1486 1742 legitimus
1505 1700 1562 1734 W.
1597 1701 1608 1744 Η

181 1748 297 1788 igitur]
330 1746 446 1788 Gaius,
478 1758 542 1780 om.
569 1746 658 1779 libri.
712 1747 722 1790 Η
776 1748 879 1787 filins]
911 1748 993 1780 filiis
1022 1747 1097 1780 BV.
1152 1747 1162 1791 Η
1216 1748 1235 1780 6
1268 1753 1407 1790 nepotes
1435 1750 1607 1789 neptesue]

184 1791 298 1831 Gaius,
324 1799 446 1835 nepote
473 1798 613 1833 nepteue
635 1791 695 1834 W,
722 1799 904 1835 nepotesue
931 1798 1030 1836 nepte
1051 1793 1095 1835 V,
1121 1798 1324 1834 nepotesuae
1342 1793 1381 1824 B.
1424 1793 1434 1837 Η
1477 1795 1607 1832 extant]

185 1837 300 1878 Gaius,
326 1840 477 1871 existent
494 1837 570 1878 BV,
596 1839 765 1871 existente
784 1837 841 1873 W.
873 1838 883 1882 Η
914 1839 931 1870 7
949 1840 1088 1881 gradum
1106 1838 1186 1871 libri
1224 1837 1234 1881 Η
1266 1840 1416 1881 propior]
1435 1839 1608 1878 Pithoeus,

182 1883 337 1972 W'ifffn
353 1883 396 1960 fi?
416 1882 684 1970 ..tffssfsssssffm'ss’
717 1885 863 1964 iffi}
873 1884 935 1962 Va
950 1884 1351 1963 Ρῗξῶωὲοᾋξαῗῃῌᾶῗῑ
1385 1884 1608 1972 Ηνῗιὲθῗωῇ

251 1953 258 1960 .
1108 1955 1116 1969 ,
1183 1942 1222 1962 cu
1338 1942 1359 1962 ι.
1437 1941 1472 1962 e·
1495 1942 1525 1962 η.
1549 1955 1555 1961 .

183 1975 330 2014 uidetur]
352 1940 420 2007 Bi}
432 1975 531 2014 Just„
557 1954 715 2006 uidentilr
735 1974 792 2016 W,
817 1941 997 2008 uidebatiir
1017 1975 1124 2009 Gaius
1140 1975 1307 2016 (Veron).
1343 1976 1353 2019 Η
1387 1976 1406 2008 8
1433 1978 1607 2018 neptesue]

185 2025 326 2063 uenepte
346 2019 388 2053 V.
430 2018 440 2061 Η
482 2021 572 2062 patri
604 2021 658 2052 sui
683 2021 757 2052 loco
784 2021 822 2053 B.
865 2020 875 2063 Η
919 2023 938 2054 9
963 2022 1047 2064 pari]
1073 2023 1163 2064 patri
1187 2021 1226 2053 B.
1270 2021 1280 2064 Η
1322 2022 1489 2054 rationem
1515 2020 1605 2054 BW.

185 2063 196 2107 Η
238 2076 342 2107 nepus
368 2065 442 2098 BV.
485 2064 495 2107 Η
539 2070 718 2108 neptesuae
738 2065 782 2099 V.
815 2065 825 2109 Η
861 2070 914 2107 ΒΧ]
941 2074 975 2100 et
1000 2068 1044 2100 V.
1078 2066 1088 2108 Η
1124 2073 1158 2099 et
1184 2069 1238 2106 ΒΧ]
1264 2068 1322 2099 sed
1349 2078 1391 2099 ex
1408 2066 1468 2098 Ba.
1506 2066 1516 2110 Η
1551 2077 1609 2098 118-

184 2115 263 2153 pote
282 2121 344 2143 om.
362 2110 400 2142 B.
438 2110 448 2154 Η
484 2112 524 2143 10
551 2122 716 2154 pronepus
735 2111 773 2143 B.
809 2112 819 2155 Η
853 2115 1030 2153 uocantur]
1048 2114 1126 2145 libri
1140 2115 1172 2144 et
1188 2112 1287 2153 Iasi„
1313 2123 1426 2145 omnes
1444 2117 1609 2145 uocantur

184 2156 224 2189 ad
249 2157 471 2189 hereditatem
501 2155 605 2189 Gaius
630 2156 795 2197 (Veron).
837 2156 848 2200 Η
887 2159 976 2201 quia]
1002 2169 1065 2201 qua
1085 2157 1177 2191 VW.
1220 2156 1230 2199 Η
1275 2159 1312 2190 11
1341 2163 1482 2201 nepotes
1508 2168 1608 2200 nepo-

183 2206 300 2234 tesuae
319 2201 356 2243 B,
385 2202 518 2244 nepotis
545 2207 665 2245 nepote
692 2213 751 2235 sua
771 2202 827 2236 W.
864 2203 874 2247 Η
908 2205 994 2236 idem
1020 2203 1048 2235 B
1074 2204 1183 2244 (iud).
1218 2203 1228 2247 Η
1264 2206 1502 2247 proneptesue]
1528 2214 1608 2244 pro-

185 2252 366 2290 nepotesue
387 2247 428 2280 V.
472 2248 482 2291 Η
523 2249 613 2289 patri
631 2247 707 2289 BV,
736 2250 888 2290 parentis
916 2248 986 2282 Gai.
1013 2249 1101 2282 Iasi.
1143 2248 1152 2292 Η
1198 2250 1238 2282 12
1266 2260 1339 2282 esse
1370 2250 1476 2281 uisum
1503 2247 1608 2289 (Gai,

184 2292 279 2325 uisus
299 2291 401 2331 VW)
429 2300 481 2325 est
506 2304 569 2325 om.
589 2292 627 2324 B.
670 2292 680 2335 Η
725 2294 765 2327 13
792 2295 863 2334 sed]
893 2300 928 2327 et
947 2294 987 2328 V.
1035 2295 1045 2338 Η
1087 2295 1226 2337 stirpes]
1257 2295 1328 2335 (V)
1356 2294 1441 2336 Gai„
1468 2295 1608 2336 stirpem

186 2337 226 2379 B,
252 2339 359 2380 stirpe
377 2337 433 2371 W.
466 2338 476 2382 Η
505 2339 726 2379 hereditates]
753 2337 868 2381 Gaius,
893 2341 1095 2372 hereditatis
1113 2340 1190 2382 BV,
1215 2341 1438 2373 hereditatem
1458 2338 1509 2373 17
1522 2339 1607 2372 Just.

185 2382 197 2426 Η
241 2383 347 2416 (11111111
378 2385 438 2425 ita]
475 2383 588 2425 Gaius,
621 2385 745 2416 diuidit
768 2384 843 2426 BV,
874 2386 979 2418 diuidi
1007 2385 1057 2418 17
1082 2386 1169 2418 Just.
1212 2385 1222 2428 Η
1265 2386 1433 2418 dimidiam
1467 2388 1607 2427 partem]

187 2429 357 2461 dimidiam
381 2430 461 2470 (om.
487 2433 632 2473 partem)
659 2429 721 2471 Va,
749 2436 834 2472 part.
867 2431 944 2463 dim.
973 2430 1045 2464 Gai.
1071 2434 1157 2464 last.
1195 2430 1207 2474 Η
1239 2432 1279 2464 14
1305 2431 1394 2464 ferat
1419 2431 1463 2471 et]
1492 2429 1609 2471 Gaius,

187 2473 278 2506 fruat
296 2474 335 2514 B,
360 2473 472 2507 fuerat
492 2474 585 2508 VW.
628 2476 638 2518 Η
679 2475 834 2516 alteram]
860 2477 960 2509 aliam
981 2475 1037 2510 W.
1078 2476 1089 2519 Η
1127 2478 1165 2508 15
1191 2478 1270 2509 item
1297 2478 1327 2509 si
1353 2487 1394 2509 ex
1414 2502 1421 2508 .
1440 2501 1448 2508 .
1468 2501 1474 2507 .
1496 2501 1504 2508 .
1534 2477 1608 2516 192,

187 2520 208 2551 4
232 2525 372 2552 matrem
397 2523 533 2553 eandem
559 2521 741 2553 habuerint
765 2532 828 2553 om.
849 2521 886 2554 V
905 2524 952 2561 (u.
977 2524 1091 2565 praef.
1108 2533 1142 2565 p.
1163 2523 1250 2562 111).
1276 2521 1286 2564 Η
1306 2521 1437 2555 1118111Β
1462 2522 1570 2563 (ind.)
1598 2522 1608 2563 Η

189 2566 316 2604 extent]
335 2564 374 2607 B,
401 2567 552 2598 existant
578 2572 611 2599 et
630 2565 688 2608 17,
713 2571 832 2599 extent
856 2573 889 2599 et
916 2566 988 2600 Gai.
1014 2567 1139 2609 (Ver.)‚
1165 2573 1283 2600 extant
1308 2573 1343 2601 et
1367 2567 1492 2608 (Iasi).
1524 2566 1534 2610 Η
1568 2568 1608 2601 16

189 2610 265 2650 duo]
294 2609 375 2652 Guzt,
403 2622 467 2644 om.
493 2612 579 2645 libri.
613 2610 624 2654 Η
661 2614 746 2652 tres]
773 2613 841 2644 ires
867 2612 907 2645 B.
948 2612 951 2655 Ι
986 2614 1027 2646 ad
1054 2624 1151 2645 unum
1169 2638 1176 2644 .
1196 2638 1203 2645 .
1223 2639 1230 2646 .
1256 2619 1328 2646 tres
1354 2619 1412 2646 aut
1437 2616 1608 2656 quattuor]

192 2653 307 2693 Gaius,
333 2665 396 2689 om.
422 2656 510 2690 libri.
552 2657 563 2701 Η
608 2658 646 2690 18
673 2658 815 2690 alteram
835 2657 891 2691 W.
933 2656 937 2699 Ι
978 2659 1149 2691 dimidiam
1174 2658 1259 2691 libri.
1296 2657 1306 2701 Η
1344 2660 1383 2692 19
1410 2659 1449 2691 de
1474 2660 1608 2701 agnatis

190 2710 252 2733 om.
282 2699 355 2734 Gai.
396 2700 407 2744 Η
449 2705 503 2742 ex]
530 2708 564 2735 et
581 2702 620 2743 B,
646 2708 681 2736 et
707 2714 749 2736 ex
770 2701 827 2736 W.
869 2701 879 2745 Η
922 2703 1029 2745 legem
1049 2703 1104 2738 W.

1628 480 1649 515 5

1631 766 1673 800 10

1631 1050 1674 1085 15

1630 1336 1675 1370 20
