1828 3011
261 160 454 188 COLLA'rlo
477 151 530 192 16,
549 164 574 189 2.
747 171 864 176 —-
928 154 1009 194 192
1071 171 1188 176 —-

260 276 325 308 tur
346 276 475 309 autem
497 270 636 321 agnati,
668 271 735 322 qui
756 270 925 321 legitima
947 270 1174 320 cognatione
1201 270 1322 309 iuncti
1344 278 1447 310 sunt.
1498 270 1667 321 legitima

258 333 386 365 autem
420 327 596 377 cognatio
627 333 686 365 est
707 339 803 377 quae
825 339 894 378 per
914 326 1037 365 uirilis
1060 339 1173 366 sexus
1194 326 1379 378 personas
1401 327 1666 378 coniungitur:

256 383 386 434 itaque
416 383 507 434 [qui]
537 384 671 422 eodem
702 390 809 433 patre
840 383 918 421 nati
951 389 1044 422 sunt
1064 386 1202 421 fratres
1224 383 1350 434 agnati
1372 384 1444 422 sibi
1467 391 1568 427 sunt,
1601 383 1668 434 qui

257 439 372 478 etiam
396 440 671 490 consanguinei
693 445 893 485 uocantur,
917 451 988 477 nec
1009 439 1231 490 requiritur,
1253 452 1301 478 an
1323 446 1486 478 matrem
1505 440 1666 478 eandem

258 496 475 534 habuerint.
505 496 598 534 item
621 501 782 546 patruus
805 495 933 534 fratris
955 496 1033 534 filio
1056 502 1094 534 et
1110 495 1277 534 inuicem
1296 496 1328 534 is
1345 495 1399 535 illi
1416 504 1577 547 agnatus
1594 503 1664 535 est.
1692 499 1713 534 5

256 553 392 591 eodem
414 565 578 590 numero
601 558 693 590 sunt
713 554 851 590 fratres
872 552 1066 603 patrueles
1089 554 1191 591 inter
1212 564 1263 596 se,
1285 552 1323 590 id
1345 558 1404 591 est
1419 553 1486 603 qui
1503 566 1546 591 ex
1569 553 1666 591 duo-

257 608 328 647 bus
351 609 533 647 fratribus
560 608 804 659 progenerati
826 614 930 654 sunt,
962 622 1060 659 quos
1081 609 1255 660 plerique
1277 609 1390 647 etiam
1413 610 1667 648 consobrinos

256 671 415 703 uocant:
449 678 523 715 qua
555 664 704 703 ratione
736 664 882 703 scilicet
912 665 1028 704 etiam
1060 666 1105 704 ad
1137 666 1267 716 plures
1289 666 1429 715 gradus
1450 666 1666 715 agnationis

117 723 244 764 16,2,11
259 721 462 772 peruenire
494 721 724 771 poterimus,
791 733 870 759 non
903 728 1033 760 tamen
1065 722 1246 761 omnibus
1278 722 1395 760 simul
1425 722 1571 772 agnatis
1603 722 1668 761 dat

255 778 315 815 lex
346 778 549 816 duodecim
583 777 801 816 tabularum
834 778 1106 824 hereditatem,
1149 779 1215 817 sed
1254 778 1331 824 his,
1363 777 1430 828 qui
1461 785 1544 816 tum
1576 790 1664 817 cum
1696 782 1738 815 10

255 840 403 872 certum
436 840 495 872 est
525 833 692 885 aliquem
720 834 948 874 intestatum
973 835 1196 881 decessisse,
1219 834 1397 886 proximo
1420 835 1540 885 gradu
1562 841 1666 874 sunt.

200 907 233 930 12
255 902 326 928 nec
357 890 396 928 in
428 903 472 928 eo
503 890 587 929 iure
618 891 810 930 successio
842 898 917 930 est:
949 892 1112 942 ideoque
1135 891 1167 930 si
1187 891 1442 930 hereditatem
1464 891 1666 942 proximus

254 946 430 985 omiserit
460 948 522 985 uel
553 953 760 998 antequam
793 948 1048 988 hereditatem
1079 948 1216 987 adierit
1244 947 1465 992 decesserit,
1498 960 1666 998 sequen-

199 1019 233 1042 13
254 1003 356 1042 tibus
395 1003 491 1042 nihil
529 1003 624 1042 iuris
663 1017 709 1043 ex
745 1004 827 1055 lege
864 1005 1062 1057 competit.
1132 1005 1218 1043 ideo
1249 1011 1378 1043 autem
1416 1016 1496 1042 non
1528 1004 1665 1043 mortis

254 1067 439 1111 tempore,
470 1060 556 1110 quis
588 1061 789 1112 proximus
817 1061 902 1109 erit,
934 1061 1181 1113 requirimus,
1213 1062 1280 1100 sed
1302 1073 1347 1099 eo
1369 1066 1556 1112 tempore,
1588 1073 1665 1112 quo
1694 1064 1735 1099 15

253 1123 401 1155 certum
435 1117 551 1156 fuerit
581 1117 749 1168 aliquem
781 1117 1009 1158 intestatum
1042 1118 1269 1165 decessisse,
1307 1117 1396 1168 quia
1427 1118 1457 1156 si
1488 1117 1575 1168 quis
1607 1124 1666 1156 te-

253 1179 443 1212 stamento
476 1175 574 1212 facto
606 1174 825 1221 decesserit,
859 1175 996 1214 melius
1028 1187 1113 1213 esse
1143 1174 1273 1213 uisum
1305 1180 1364 1212 est
1395 1180 1489 1213 tunc
1518 1173 1665 1225 requiri

251 1229 487 1280 proximum,
506 1242 594 1269 cum
613 1237 763 1270 certum
781 1243 865 1270 esse
882 1232 1050 1283 coeperit
1066 1231 1263 1270 neminem
1283 1243 1327 1269 ex
1343 1231 1414 1280 [eo]
1431 1236 1663 1269 testamento

197 1301 229 1325 14
250 1286 431 1324 heredem
463 1288 558 1325 fore.
619 1288 720 1338 quod
752 1288 800 1326 ad
830 1288 994 1327 feminas
1026 1294 1155 1327 tamen
1185 1287 1332 1326 adtinet
1362 1287 1437 1325 hoc
1455 1286 1539 1325 iure
1561 1286 1664 1326 aliud

250 1342 290 1380 in
321 1342 493 1393 ipsarum
525 1343 804 1383 hereditatibus
837 1344 1032 1396 capiendis
1060 1345 1195 1396 placet,
1237 1343 1340 1382 aliud
1370 1344 1409 1381 in
1440 1349 1660 1382 ceterorum
1691 1346 1734 1381 20

250 1398 296 1437 ab
328 1399 389 1437 his
421 1399 628 1450 capiendis.
696 1412 786 1439 nam
818 1401 1052 1439 feminarum
1085 1400 1318 1439 hereditates
1349 1399 1514 1450 proinde
1544 1412 1662 1450 agna-

253 1455 366 1493 tionis
398 1455 481 1494 iure
512 1457 677 1495 redeunt
717 1462 832 1507 atque
870 1458 1151 1496 masculorum:
1190 1463 1347 1495 nostrae
1384 1468 1477 1494 uero
1509 1457 1662 1495 heredi-

250 1517 347 1550 tates
384 1513 431 1550 ad
468 1512 632 1552 feminas
671 1513 770 1552 ultra
809 1514 1189 1564 consanguineorum
1228 1513 1389 1564 gradum
1428 1524 1506 1551 non
1541 1513 1663 1563 perti-

248 1574 354 1606 nent.
414 1568 544 1619 itaque
585 1582 695 1608 soror
725 1570 835 1609 fratri
873 1571 1048 1609 sororiue
1084 1569 1255 1621 legitima
1292 1569 1403 1607 heres
1441 1575 1512 1616 est,
1544 1570 1662 1608 amita

339 1665 354 1695 1
381 1664 565 1706 legitimam
591 1667 821 1705 cognationem
841 1665 898 1699 W.
930 1666 940 1709 Η
972 1667 990 1697 2
1017 1669 1080 1706 est]
1105 1667 1168 1698 hoc
1194 1672 1246 1699 est
1263 1667 1352 1707 libri,
1378 1672 1430 1699 est
1447 1676 1485 1698 ea
1505 1665 1616 1699 Gaius.
1655 1666 1659 1710 Ι

247 1711 318 1749 per]
345 1720 386 1741 ex
407 1708 462 1743 W.
506 1709 516 1753 Η
552 1711 650 1743 uirili
675 1721 758 1743 sexu
782 1712 871 1744 libri.
905 1712 916 1755 Η
951 1723 1092 1754 persona
1116 1711 1145 1742 B
1172 1711 1243 1744 Gai.
1269 1711 1393 1752 (Ver.),
1418 1722 1582 1753 personae
1603 1711 1620 1744 1
1652 1736 1660 1744 .

247 1753 258 1796 Η
301 1756 547 1794 coniunguntur
567 1755 623 1788 W.
665 1755 675 1799 Η
718 1758 736 1788 3
762 1758 817 1800 qui
848 1768 910 1788 om.
937 1757 1014 1790 libri
1035 1768 1092 1789 nec
1115 1758 1223 1795 habet,
1253 1760 1443 1789 omzttentes
1466 1759 1546 1789 item
1571 1762 1660 1797 sunt,

244 1799 352 1840 Izcst.;
377 1800 489 1843 deficit
516 1799 628 1833 Gaius.
672 1801 682 1844 Η
716 1808 810 1844 pater
829 1802 867 1834 B.
898 1801 907 1845 Η
938 1807 1015 1834 sunt
1040 1813 1091 1834 om
1123 1801 1179 1835 17.
1211 1801 1221 1845 Η
1251 1803 1330 1844 sibi]
1356 1802 1451 1844 Just„
1479 1804 1545 1834 uisi
1570 1803 1660 1835 libri.

245 1843 255 1886 Η
297 1847 317 1876 4
342 1851 448 1877 matre
479 1848 592 1878 eadem
625 1846 711 1880 libri.
753 1847 763 1890 Η
805 1850 823 1879 5
850 1850 1037 1880 habuerunt
1060 1846 1116 1880 W.
1161 1847 1171 1891 Η
1212 1849 1304 1888 item]
1331 1849 1417 1880 idem
1444 1847 1473 1879 B
1497 1848 1607 1889 (incl).
1648 1847 1659 1891 Η

243 1890 376 1930 fratris]
400 1892 508 1932 patris
530 1890 586 1924 W.
616 1891 625 1934 Η
657 1893 766 1925 inuice
786 1892 825 1924 B.
858 1892 868 1936 Η
898 1894 916 1924 6
943 1894 1067 1931 eodem!
1093 1904 1204 1925 eorum
1225 1892 1280 1925 W.
1311 1892 1322 1935 Η
1352 1892 1470 1925 fratris
1490 1892 1531 1926 V.
1562 1891 1573 1936 Η
1602 1904 1659 1936 pa-

246 1936 366 1967 truelis
386 1935 478 1969 VW.
519 1936 529 1979 Η
570 1939 588 1969 7
614 1948 695 1979 quos
722 1938 763 1976 pl.
790 1943 832 1970 et.
860 1940 1080 1970 consobrinos
1106 1939 1340 1981 (consoprinos
1366 1937 1409 1977 B)
1434 1949 1496 1971 om.
1518 1938 1559 1971 V.
1595 1938 1606 1982 Η
1640 1938 1659 1970 8

244 1981 409 2013 rationem
429 1981 485 2014 W.
524 1981 534 2024 Η
569 1983 621 2022 ad]
647 1988 681 2014 et
701 1981 757 2015 W.
792 1982 802 2025 Η
835 1985 956 2023 grados
977 1983 1032 2016 17.
1068 1983 1078 2026 Η
1112 1984 1316 2025 agnationis]
1337 1982 1452 2025 Gaius,
1476 1984 1658 2025 agnitionis

244 2026 330 2058 libri.
365 2025 375 2068 ΙΙ
404 2028 423 2058 9
452 2028 658 2068 potuerimus
677 2027 717 2069 B,
742 2030 963 2071 praeterimus
983 2029 1025 2062 V.
1058 2029 1068 2072 Η
1099 2030 1198 2061 simul
1216 2039 1278 2061 om.
1300 2028 1341 2061 V.
1373 2028 1383 2072 Η
1415 2030 1454 2061 10
1479 2034 1548 2061 tum
1572 2030 1657 2068 cum]

246 2070 361 2112 Gaias,
386 2077 464 2104 tunc
489 2073 573 2105 libri.
626 2072 637 2115 Η
691 2074 729 2105 11
764 2075 973 2115 intestatum]
1002 2074 1072 2106 Gai.
1097 2075 1190 2113 Iust.,
1222 2075 1383 2106 intestato
1409 2073 1495 2107 libri.
1542 2073 1552 2117 Η
1602 2075 1659 2105 de—

243 2117 404 2148 cessisset
428 2117 501 2159 BV,
528 2118 741 2151 discessisset
768 2118 824 2152 W.
867 2118 876 2162 Η
921 2121 960 2152 12
987 2121 1061 2152 iuro
1087 2118 1144 2152 W.
1189 2119 1199 2163 Η
1240 2120 1461 2152 hereditatem
1486 2119 1657 2162 proximus

243 2162 405 2202 omiserit]
430 2164 584 2195 heredem
610 2165 780 2205 proximos
807 2165 962 2198 omiserit
981 2164 1022 2205 V,
1051 2166 1192 2197 heredes
1218 2166 1388 2207 proximos
1414 2165 1591 2197 omiserint
1615 2163 1656 2206 B,

241 2207 395 2239 heredem
422 2209 575 2250 proximo
600 2220 659 2240 suo
685 2210 815 2242 miserit
835 2208 893 2250 W,
918 2216 1057 2250 agnatus
1075 2212 1246 2254 proximus
1262 2211 1484 2243 hereditatem
1503 2211 1656 2243 omiserit

244 2251 314 2284 Gai.
355 2252 365 2296 Η
407 2254 446 2285 13
476 2254 697 2286 hereditatem
722 2265 786 2286 om.
816 2254 886 2287 Gai.
912 2256 997 2288 Just.
1039 2255 1048 2298 Η
1091 2256 1288 2296 decesserit]
1315 2261 1348 2288 et
1372 2257 1441 2287 dec.
1461 2254 1518 2288 W.
1560 2254 1570 2298 Η
1615 2258 1654 2289 15

241 2298 314 2339 quis
347 2300 518 2340 proximus
544 2299 610 2331 erit
641 2300 704 2338 (sic
732 2299 812 2333 libri
839 2303 948 2333 nostri
971 2304 1002 2334 et
1030 2300 1102 2342 Gai,
1131 2303 1318 2343 requiritur
1341 2299 1456 2339 fuerit)
1478 2311 1505 2333 r.
1531 2301 1589 2332 sed
1616 2311 1653 2333 eo

240 2347 389 2386 tempore
415 2355 477 2386 quo
502 2355 565 2376 om.
586 2343 625 2376 B.
667 2344 677 2387 Η
721 2346 760 2378 16
786 2346 894 2388 alique
914 2345 955 2379 V.
999 2346 1009 2389 Η
1051 2348 1323 2379 intestamentum
1348 2347 1417 2384 (-tu
1438 2344 1489 2385 V)
1515 2345 1604 2378 libri.
1646 2346 1656 2389 Η

240 2389 328 2430 quia]
356 2388 469 2423 Gaius,
497 2400 591 2431 quam
616 2390 704 2422 libri.
747 2390 757 2433 Η
802 2392 837 2423 17
866 2391 989 2423 factum
1009 2391 1052 2424 V.
1096 2391 1106 2435 Η
1148 2403 1221 2424 esse
1247 2402 1309 2423 om.
1328 2389 1407 2423 lVl.
1448 2389 1459 2433 Η
1500 2392 1594 2423 uisus
1613 2390 1650 2422 B.

240 2432 251 2475 Η
290 2435 433 2476 requirit
452 2434 509 2467 W.
543 2433 553 2477 Η
591 2436 630 2468 18
656 2438 855 2477 proximum]
883 2448 930 2476 pr.
957 2442 1009 2469 est
1029 2437 1071 2469 V.
1107 2437 1117 2480 Η
1151 2448 1189 2470 eo
1218 2436 1332 2478 Gaius,
1358 2446 1422 2467 om.
1449 2436 1530 2468 libri
1547 2435 1602 2469 17.
1639 2436 1651 2480 Η

244 2482 281 2511 19
308 2481 446 2512 heredes
465 2481 636 2519 (heredum
657 2481 710 2521 V)
737 2481 823 2513 forte
842 2481 916 2522 BV,
942 2482 1014 2514 fore
1040 2484 1194 2523 heredem
1217 2481 1288 2514 Gai.
1309 2481 1320 2524 Η
1337 2481 1434 2523 quod]
1457 2480 1572 2522 Gaius,
1598 2484 1652 2524 qui

240 2524 279 2565 B,
305 2526 379 2567 quid
401 2525 442 2567 V,
468 2526 605 2568 quedam
625 2524 681 2558 W.
703 2526 713 2569 Η
731 2531 839 2558 tamen
866 2538 930 2559 om.
949 2527 987 2560 B.
1008 2527 1018 2571 Η
1036 2529 1189 2560 adtinent
1208 2526 1263 2560 W.
1284 2526 1294 2569 Η
1312 2528 1386 2565 hoc]
1405 2527 1438 2558 in
1457 2528 1519 2559 hoc
1539 2526 1650 2560 Gaius.

242 2568 252 2611 Η
278 2570 353 2601 iuro
374 2570 430 2603 17.
449 2570 460 2613 Η
479 2572 521 2603 20
548 2572 677 2613 placuit
696 2571 798 2604 Gaius
822 2576 919 2604 recte.
939 2571 949 2615 Η
969 2573 1170 2613 ceterorum]
1196 2584 1224 2605 e.
1249 2572 1344 2604 bonis
1365 2571 1468 2604 Gaius
1486 2572 1651 2612 (Veron.)-

238 2614 247 2656 Η
274 2616 311 2647 21
340 2617 391 2655 ab]
419 2618 457 2647 ad
479 2615 534 2649 W.
563 2616 572 2659 Η
597 2617 680 2657 nam]
711 2616 826 2657 Gaius,
852 2629 924 2649 nam
951 2623 985 2650 et
1009 2619 1096 2651 libri.
1124 2618 1134 2661 Η
1158 2618 1306 2660 proinde]
1325 2618 1442 2649 deinde
1462 2616 1520 2659 17,
1545 2629 1593 2661 pr.
1611 2618 1651 2650 ad

240 2670 298 2691 nos
319 2659 433 2693 Gaius.
453 2660 463 2704 Η
483 2662 523 2693 22
550 2664 661 2704 atque]
687 2663 726 2694 ad
753 2673 846 2704 quem
874 2662 914 2695 V.
936 2662 946 2705 Η
966 2669 1102 2696 nostrae
1127 2675 1158 2695 u.
1183 2663 1213 2695 h.
1239 2663 1277 2694 ad
1297 2663 1317 2695 f.
1336 2674 1367 2695 u.
1387 2665 1652 2702 consanguineo-

238 2715 311 2738 rum
337 2707 592 2748 (consanguinei
618 2718 733 2740 eorum
758 2707 802 2748 B)
826 2718 890 2741 om.
911 2708 953 2741 V.
994 2707 1004 2751 Η
1046 2709 1089 2741 24
1114 2708 1233 2740 fratris
1258 2709 1371 2740 sorori
1396 2708 1452 2741 uel
1471 2707 1564 2742 VW.
