1855 2957
732 105 1115 143 —4—

218 227 292 265 tria
322 226 446 278 prima
469 225 606 272 soluta,
638 226 784 263 factum
807 227 865 261 est
885 226 928 260 ut
948 221 988 259 in
1011 220 1112 258 foliis
1133 220 1179 259 de
1201 219 1342 271 quibus
1370 218 1538 257 diximus
1560 218 1634 257 tri-

220 284 324 334 ginta
346 282 471 321 tribus
500 281 754 320 inueniantur
785 278 956 318 solitaria
986 289 1129 315 nouem
1162 276 1203 327 (f.
1228 276 1292 315 84.
1313 276 1377 315 85.
1397 275 1461 314 86.
1481 275 1546 314 87.
1565 274 1635 313 92.

219 340 284 379 95.
308 339 373 378 98.
396 338 462 377 99.
489 338 598 388 100).
649 335 879 387 antiquioris
900 334 987 373 libri
1010 345 1108 384 quae
1139 338 1271 372 extant
1301 332 1474 382 reliquiis
1506 344 1634 383 quan-

219 404 302 435 tum
335 395 417 434 fieri
448 400 576 446 potest
606 394 708 432 inter
729 406 769 432 se
790 404 926 431 rursus
949 389 1168 428 coniunctis
1191 391 1273 428 eius
1294 388 1473 441 apparuit
1495 401 1634 440 super-

221 465 303 492 esse
342 452 431 490 solia
468 452 616 501 integra
655 449 887 494 octodecim,
925 447 1062 485 mutila
1093 451 1202 497 parte
1232 447 1345 485 tertia
1375 445 1464 491 duo,
1496 445 1633 484 mutila

219 509 321 548 binis
352 508 475 547 tertiis
506 513 604 545 octo.
657 506 847 558 scriptura
878 504 931 542 ita
961 503 1085 541 deleta
1116 508 1186 549 est,
1218 508 1261 541 ut
1281 501 1430 541 idoneis
1452 501 1636 540 remediis

220 565 400 604 adhibitis
430 564 587 603 redierit
618 565 697 602 fere
728 562 933 607 uniuersa3
965 559 1150 610 quadrata
1172 564 1230 597 est
1251 558 1446 598 simillima
1469 558 1538 597 Gai
1558 558 1635 596 Ve-

220 622 397 661 ronensis
435 621 751 671 digestorumque
791 616 1125 662 Florentinorum,
1166 615 1319 666 qualem
1352 619 1636 653 commonstrat

221 693 238 717 a
272 679 370 717 Maio
393 677 636 729 propositum
659 682 696 715 et
716 674 922 727 probatum
945 673 1165 711 Detlefseno
1188 673 1385 723 specimen
1407 671 1635 710 adiunctum

222 736 336 774 etiam
362 740 400 773 et
420 733 700 783 Hollwegianae
732 730 891 770 editioni
913 735 951 768 et
972 742 1079 768 meae
1100 729 1233 780 priori.
1291 727 1525 779 conscriptio
1547 727 1636 766 libri

223 804 310 830 cum
341 795 500 843 propter
530 794 804 839 argumentum
836 787 918 826 eius
950 791 1039 825 ante
1070 798 1167 824 saec.
1200 785 1260 824 IV.
1294 790 1512 824 extremum
1544 784 1637 823 reici

221 853 399 898 nequeat,
431 846 642 897 quominus
674 845 720 884 ad
750 845 823 883 hoc
852 844 982 895 ipsum
1015 843 1077 881 uel
1105 847 1207 881 certe
1229 842 1274 881 ad
1297 842 1477 892 quintum
1501 853 1637 880 saecu-

221 906 302 943 lum
347 905 536 943 referatur
580 902 676 941 nihil
719 901 893 952 impedit.
969 899 1283 950 orthographiam
1325 911 1417 937 sane
1457 897 1638 937 librarius

221 974 300 1000 non
331 961 455 999 solum
489 960 534 998 ad
566 959 755 1009 sequioris
786 957 921 997 aetatis
943 957 1045 1007 leges
1066 956 1262 1002 formauit,
1295 961 1338 995 ut
1369 968 1483 1007 saepe
1513 956 1538 1006 f
1569 954 1638 993 ad-

220 1018 346 1056 hibuit
383 1030 453 1068 pro
494 1017 638 1055 Graeco
672 1015 724 1066 ph
760 1016 822 1063 (cf.
856 1013 1112 1066 ephemeridis
1143 1013 1308 1051 Hermae
1339 1013 1415 1052 uol.
1443 1013 1492 1050 14
1524 1025 1562 1063 p.
1586 1011 1640 1050 65

222 1075 332 1125 seq),
356 1074 421 1112 sed
454 1073 566 1112 etiam
599 1084 679 1111 non
709 1084 796 1110 raro
828 1071 1018 1122 corrupit,
1051 1070 1116 1109 sed
1149 1082 1247 1120 quae
1277 1070 1464 1121 peccauit,
1497 1082 1539 1108 ea
1561 1070 1640 1107 fere

222 1136 328 1177 sunt,
351 1143 370 1169 a
393 1130 534 1180 quibus
557 1128 683 1180 quarti
705 1128 908 1179 quintique
927 1127 1069 1166 saeculi
1086 1139 1135 1166 ne
1152 1126 1306 1178 publica
1322 1126 1476 1177 quidem
1495 1138 1640 1164 monu-

223 1193 353 1227 menta
374 1187 581 1233 abstinent,
614 1186 781 1224 maxime
811 1198 855 1224 ae
885 1197 954 1236 pro
987 1189 1004 1223 ἓ
1035 1189 1073 1222 et
1100 1185 1128 1231 ἕ,
1162 1196 1251 1222 cum
1273 1197 1293 1221 e
1315 1184 1508 1222 contrario
1530 1196 1547 1223 e
1568 1195 1642 1234 pro

222 1257 264 1285 ae
295 1256 382 1283 raro
414 1243 642 1289 offendatur,
674 1242 697 1281 h
726 1241 836 1280 initio
869 1241 1047 1280 uocabuli
1069 1241 1115 1279 ad
1144 1241 1319 1279 uocalem
1340 1252 1541 1292 perperam
1571 1240 1640 1278 ad—

222 1302 320 1340 iecta
348 1300 504 1352 passim,
537 1312 623 1338 raro
656 1299 809 1345 omissa,
841 1301 856 1336 i
885 1304 922 1337 et
949 1311 975 1349 y
1006 1298 1156 1336 litterae
1193 1298 1296 1336 inter
1329 1310 1370 1336 se
1398 1302 1641 1348 permutatae

224 1357 445 1407 similesque
483 1356 577 1395 aliae
617 1356 776 1394 mendae
813 1355 852 1393 in
892 1355 1059 1394 Graecis.
1122 1368 1141 1393 e
1179 1354 1373 1393 contrario
1415 1353 1642 1405 exceptione

224 1413 408 1464 singulari
446 1413 542 1452 liber
572 1412 759 1451 immunis
796 1424 957 1463 prorsus
995 1411 1138 1450 mansit
1178 1417 1256 1450 tam
1292 1424 1312 1449 a
1343 1411 1505 1450 barbara
1535 1410 1642 1448 litte-

224 1483 354 1509 rarum
389 1470 407 1508 b
440 1475 477 1508 et
506 1484 528 1508 υ
559 1469 845 1521 permutatione
877 1468 923 1506 ab
955 1469 1065 1507 initio
1096 1468 1187 1507 inde
1219 1468 1361 1507 saeculi
1392 1468 1495 1506 tertii
1519 1467 1583 1506 uel
1603 1467 1644 1505 iu

224 1527 387 1578 publicis
409 1526 676 1565 monumentis
708 1525 994 1576 quodammodo
1026 1530 1213 1577 perpetua
1250 1537 1367 1576 quam
1398 1538 1419 1563 a
1449 1524 1577 1563 littera
1608 1536 1646 1562 m

225 1585 263 1622 in
302 1584 377 1622 fine
414 1583 695 1621 uocabulorum
737 1582 836 1621 male
873 1587 940 1621 aut
976 1582 1122 1621 adiecta
1159 1587 1225 1621 aut
1266 1582 1445 1621 omissa1.
1506 1580 1645 1619 folium

226 1640 391 1691 scriptor
422 1652 500 1678 non
531 1640 571 1678 in
602 1639 761 1691 paginas
792 1639 934 1686 diuisit,
967 1639 1033 1677 sed
1061 1652 1129 1690 per
1156 1639 1353 1689 integrum
1376 1651 1515 1677 uersus
1547 1649 1645 1676 con-

226 1697 405 1736 tinuauit.
465 1709 603 1735 uersus
640 1696 854 1747 scripturae
889 1696 1119 1746 antiquioris
1155 1696 1292 1734 folium
1328 1695 1445 1734 habet
1475 1695 1646 1733 tricenos

225 1754 350 1799 binos,
382 1754 528 1792 litteras
559 1765 698 1791 uersus
729 1765 750 1790 a
781 1752 1065 1803 quinquagenis
1097 1753 1142 1791 ad
1174 1764 1405 1803 sexagenas,
1441 1752 1571 1802 itaque
1603 1756 1647 1789 ut

226 1811 383 1849 missam
422 1810 608 1848 faciamus
649 1809 963 1859 inaequalitatem
1000 1810 1040 1848 in
1071 1809 1292 1848 scindendis
1334 1809 1434 1847 foliis
1475 1808 1536 1846 hic
1567 1807 1646 1846 illic

228 1867 394 1914 obuiam,
427 1866 493 1905 ubi
521 1871 732 1918 supersunt
753 1870 880 1916 partes
902 1866 1011 1913 duae,
1043 1866 1084 1904 in
1106 1866 1269 1916 singulis
1291 1865 1469 1904 uersibus
1492 1864 1645 1904 deside-

226 1929 363 1962 rantur
392 1924 542 1962 litterae
573 1923 675 1961 inter
712 1935 824 1961 senas
865 1923 983 1961 denas
1022 1928 1060 1961 et
1090 1923 1264 1968 uicenas,
1309 1923 1375 1961 ubi
1407 1922 1519 1961 tertia
1556 1933 1646 1972 pars

228 1981 307 2018 sola
338 1980 535 2025 remansit,
567 1980 670 2018 inter
699 1979 865 2018 tricenas
887 1992 999 2018 senas
1021 1985 1059 2018 et
1090 1980 1366 2029 quadragenas.
1400 1979 1466 2018 sed
1488 1984 1648 2030 propter

228 2050 344 2075 usum
390 2042 571 2075 notarum
617 2036 656 2074 in
703 2036 833 2074 codice
876 2036 1238 2087 frequentissimum
1292 2037 1397 2075 hisce
1445 2035 1646 2075 elementis

229 2106 341 2145 saepe
374 2094 612 2144 significatur
641 2105 831 2131 numerus
861 2093 1079 2132 litterarum
1111 2093 1307 2143 aliquanto
1340 2093 1474 2132 maior.

341 2150 397 2188 Ad
428 2150 631 2200 antiquum
664 2150 845 2188 foliorum
878 2150 1052 2189 ordinem
1085 2150 1372 2189 restituendum
1403 2149 1545 2188 indicia
1577 2148 1646 2187 ad-

231 2212 322 2245 sunt
342 2207 430 2245 tria:
464 2206 778 2257 quaternionum,
802 2219 900 2257 quos
921 2206 1035 2245 solito
1058 2219 1165 2245 more
1187 2207 1367 2245 librarius
1388 2207 1429 2245 in
1452 2210 1649 2245 extremae

231 2263 417 2313 cuiusque
463 2263 728 2313 quaternionis
774 2263 934 2313 paginae
979 2276 1045 2302 ora
1089 2264 1166 2302 ima
1212 2263 1452 2311 numerauit,
1492 2261 1647 2301 numeri

232 2320 296 2370 qui
343 2326 553 2370 supersunt
599 2325 784 2370 quattuor
819 2320 878 2358 VI.
922 2319 1000 2358 XV.
1042 2320 1191 2358 XXVII.
1223 2319 1416 2367 XXVIIII,
1462 2319 1646 2357 foliorum

232 2389 328 2426 quae
374 2376 561 2415 hahemus
606 2389 686 2415 non
733 2377 993 2415 solitariorum
1026 2377 1223 2423 cohaesio3
1256 2377 1422 2426 denique
1453 2375 1648 2414 sermonis

232 2432 294 2470 uel
325 2438 426 2471 certe
456 2434 674 2483 argumenti
706 2433 958 2471 continuatio.
1011 2433 1152 2483 quibus
1184 2433 1416 2472 adiumentis
1449 2445 1525 2483 quo
1557 2444 1647 2483 per-

232 2494 394 2527 uentum
427 2490 486 2536 sit,
520 2490 688 2528 ostendit
718 2490 847 2528 tabula
878 2489 1060 2536 subiecta,
1079 2490 1159 2534 ,ubi
1180 2490 1268 2529 folia
1297 2503 1351 2536 ea,
1385 2502 1482 2540 quae
1513 2489 1552 2527 in
1584 2501 1648 2527 re-

326 2616 349 2655 1)
369 2616 507 2649 Mendae
535 2618 737 2657 singulares,
764 2617 880 2660 quales
900 2618 1111 2650 offenduntur
1135 2629 1162 2650 c.
1183 2618 1222 2650 14
1240 2629 1270 2649 u.
1291 2618 1321 2658 S,
1347 2628 1374 2649 c.
1397 2616 1436 2649 16
1455 2628 1485 2648 11.
1504 2616 1534 2658 2,
1558 2627 1585 2648 c.
1606 2615 1649 2648 89

234 2673 263 2692 u.
287 2665 317 2702 3,
342 2662 440 2703 longe
465 2663 627 2694 recedunt
652 2673 670 2694 a
695 2664 798 2696 solita
824 2664 856 2695 in
883 2664 933 2695 his
962 2664 1226 2706 perturbatione.
