1828 3011
263 156 463 183 APPENDIX
486 147 617 185 ?,1-4.
748 169 864 174 ———
929 146 1012 186 260
1073 168 1189 172 —

955 305 988 344 II

634 373 862 406 Berolinensis
889 373 964 404 270.

635 418 837 450 Parisiensis
864 418 950 449 4406
978 416 1035 448 fol.
1055 416 1198 448 53—55.

635 463 872 506 Eporediensis
898 462 938 494 35
966 463 1021 501 (ad
1046 461 1242 503 §15—17).

576 524 619 534 =
637 509 837 541 parisiensis
862 508 949 539 4406
975 506 1034 538 fol.
1055 508 1095 538 57
1121 507 1288 545 (continet
1311 506 1331 549 ξ
1352 507 1507 548 11-14).

528 553 838 640 Βεξᾶἶίεἰείιῧε
864 554 951 586 4410
991 551 1048 584 fol.
1078 553 1122 584 la
1157 557 1191 584 et
1222 551 1309 583 4406
1346 551 1402 584 fol.
1430 553 1472 584 68
1510 553 1676 591 (continet

324 669 376 706 Ex
408 680 567 719 corpore
599 667 856 706 Theodosiani
887 666 1007 706 lib.vt
1039 667 1096 705 tit.
1119 679 1232 704 xxvii.

376 724 472 775 Imp.
504 724 687 762 Arcadius
719 731 757 763 et
788 723 983 762 Honorius
1011 724 1085 762 ΑΑ.
1118 722 1270 762 Caesari
1299 735 1389 774 ppo.
1440 722 1494 762 Ad
1525 723 1676 762 locum:

264 780 349 819 Non
387 781 564 818 defutura
599 792 722 831 poena
753 780 973 831 quindecim
1005 780 1191 818 librarum
1222 780 1318 825 auri,
1361 791 1477 830 quam
1509 779 1548 817 in
1580 792 1675 818 con-

266 845 438 876 tumaces
469 836 559 874 olim
590 837 726 875 diualis
750 837 896 875 sanctio
918 836 1106 875 definiuit.
1157 835 1238 875 Dat.
1262 848 1317 874 1111
1339 836 1376 874 k.
1398 836 1490 874 Mar.
1514 835 1672 887 Constp.

265 893 425 932 Arcadio
457 905 513 930 1111
546 898 583 931 et
615 893 784 932 Honorio
816 905 856 930 111
887 893 963 931 AA.

321 949 373 988 Ex
408 961 569 1000 corpore
600 949 870 988 Theodosiani.

375 1005 472 1057 Imp.
511 1005 803 1045 Valentinianus
845 1011 882 1044 et
919 1004 1160 1043 Theodosius
1197 1005 1272 1043 AA.
1312 1004 1357 1042 ad
1397 1004 1675 1056 Gregorianum

264 1075 295 1101 c.
318 1075 348 1100 r.
371 1075 409 1113 p.
469 1062 544 1108 Qui
581 1062 694 1101 tertio
732 1068 948 1101 conuentus
986 1073 1073 1100 cum
1107 1062 1274 1100 delatore
1304 1061 1513 1100 neclexerit
1543 1062 1676 1100 adesse

263 1119 428 1164 iudiciis⁷
470 1130 547 1156 non
589 1119 713 1157 solum
754 1118 868 1169 iurgii
898 1119 1001 1169 quod
1033 1124 1209 1156 exortum
1244 1123 1304 1156 est
1333 1117 1541 1157 amissione
1571 1117 1676 1156 mul—

265 1182 379 1219 tetur,
412 1187 549 1213 uerum
582 1176 694 1214 etiam
729 1181 909 1226 sumptus
941 1181 978 1213 et
1008 1174 1086 1213 litis
1117 1186 1302 1225 expensas
1329 1174 1363 1212 ei
1384 1174 1544 1213 reddere
1566 1185 1674 1212 com-

264 1232 439 1283 pellatur,
472 1243 586 1281 quem
621 1232 816 1282 superfluo
849 1231 968 1281 litigio
1000 1230 1161 1269 credidit
1183 1243 1266 1269 esse
1287 1231 1521 1269 uexandum.
1571 1230 1675 1281 quod

265 1287 418 1339 quidem
451 1288 565 1325 etiam
596 1287 634 1326 in
657 1288 853 1326 absentem
878 1294 1144 1326 contumacem
1168 1293 1256 1338 post
1276 1287 1431 1333 trinam,
1464 1293 1507 1326 ut
1527 1286 1674 1325 dictum

266 1350 335 1390 est,
373 1343 673 1382 conuentionem
712 1343 961 1382 statuendum
1000 1356 1084 1381 esse
1120 1355 1338 1381 censemus.
1398 1343 1481 1382 Dat.
1520 1355 1586 1381 vm
1623 1342 1675 1381 id.

267 1401 352 1439 Iun.
384 1399 599 1438 Mediolano
632 1400 802 1438 Honorio
833 1400 897 1438 nb.
930 1407 967 1438 et
997 1399 1144 1438 Euodio
1176 1412 1213 1437 u.
1236 1412 1268 1437 c.

322 1456 377 1494 Ex
407 1468 566 1507 corpore
598 1456 866 1494 Theodosiani.

379 1512 474 1563 Imp.
497 1512 775 1551 Constantinus
798 1514 839 1550 A.
872 1511 917 1550 ad
944 1511 1154 1550 Maximum
1185 1513 1237 1563 pf.
1269 1511 1390 1550 urbis.
1441 1511 1497 1550 Ad
1527 1511 1677 1550 locum:

266 1568 377 1614 Eum,
424 1568 489 1619 qui
534 1569 660 1608 sciens
706 1569 846 1607 iudicio
891 1568 1025 1607 adesse
1062 1569 1281 1611 neclexerit,
1328 1574 1372 1606 ut
1407 1574 1676 1607 contumacem

266 1625 380 1664 iudex
425 1637 546 1676 poena
584 1625 775 1664 multabit.
836 1625 919 1664 Dat.
956 1638 979 1663 x
1019 1625 1091 1663 kal.
1129 1625 1211 1663 Iun.
1252 1624 1370 1663 Sirmi
1407 1624 1599 1663 Probiano
1639 1630 1678 1663 et

266 1681 413 1720 Iuliano
446 1682 683 1720 consulibus.

323 1737 378 1776 Ex
422 1749 582 1789 corpore
622 1736 880 1777 Theodosiani
925 1737 1067 1776 librum
1108 1737 1180 1776 suh
1219 1737 1331 1776 titulo
1361 1749 1492 1775 xxvun
1530 1736 1676 1776 consti-

438 1794 537 1833 tutio
570 1801 688 1833 sexta.
1585 1835 1590 1841 p

378 1850 472 1902 Imp.
506 1850 797 1890 Valentinianus
835 1856 873 1889 et
908 1850 1149 1889 Theodosius
1180 1850 1255 1888 AA.
1287 1849 1399 1889 Floro
1430 1861 1519 1901 ppo.
1577 1848 1676 1887 Pro-

266 1905 382 1945 fessio
415 1906 719 1958 uniuscuiusque
750 1906 936 1945 inmutari
966 1913 1100 1945 contra
1132 1913 1275 1946 statuta
1301 1907 1428 1957 legum
1451 1912 1674 1945 nostrarum

266 1975 336 2013 pro
387 1963 707 2003 calumniantium
760 1963 1016 2002 inconstantia
1067 1969 1105 2002 et
1155 1964 1340 2002 uarietate
1390 1975 1467 2001 non
1519 1961 1673 2014 poterit.

266 2018 349 2057 Dat.
381 2031 423 2056 111
454 2019 527 2058 kal.
560 2020 638 2058 Ian.
671 2020 1010 2071 Constantinopoli
1037 2020 1204 2059 Antonio
1236 2025 1274 2059 et
1305 2019 1475 2071 Syagrio.

357 2091 378 2133 ξ
406 2092 483 2123 1=
501 2092 577 2124 Cod.
607 2092 725 2125 Theod.
752 2093 783 2131 6,
810 2093 863 2132 27,
892 2093 944 2124 10.

358 2136 378 2179 ξ
403 2137 421 2168 2
439 2153 482 2163 z
501 2137 576 2169 Cod.
608 2138 722 2170 Theod.
752 2141 802 2178 10,
832 2138 880 2177 13,
910 2139 938 2170 1.

357 2184 377 2224 ξ
402 2183 420 2213 3
445 2183 520 2214 lzz'nc
544 2186 622 2215 rest.
650 2183 724 2215 Cod.
754 2182 875 2215 Theod.
903 2183 932 2222 2,
961 2183 1011 2223 18,
1040 2183 1069 2215 2.

357 2228 378 2270 ξ
403 2229 422 2258 4
446 2229 520 2259 lime
544 2231 621 2260 rest.
651 2228 724 2261 Cod.
755 2227 878 2261 Theod.
905 2227 1056 2269 (Haenel)
1081 2229 1111 2269 4,
1138 2228 1192 2267 20,
1220 2229 1249 2267 2,
1275 2227 1323 2269 ef.
1349 2226 1395 2259 ad
1417 2237 1450 2258 u.
1476 2226 1530 2258 20.

1075 2291 1670 2298 mm-WWWWJJN

574 479 617 490 ll
574 435 617 445 ll
572 390 616 400 ll

529 374 558 406 B

530 420 559 451 P

528 465 560 496 E

534 508 559 548 Q

359 2320 377 2351 2
404 2321 554 2352 caesario
585 2319 642 2352 le.
683 2319 693 2361 Η
735 2322 755 2352 4
781 2323 921 2362 οοηεῐρ.]
948 2331 1036 2352 cons.
1057 2321 1095 2360 P,
1125 2320 1253 2352 consul'
1270 2319 1307 2351 B.
1350 2319 1362 2361 Η
1403 2318 1421 2350 8
1446 2318 1574 2357 adesse]
1600 2327 1676 2349 asse

267 2366 306 2406 B,
332 2375 407 2398 esse
424 2366 460 2397 P.
502 2363 512 2407 Η
557 2366 595 2397 10
621 2371 766 2408 sumptos
793 2373 825 2398 et.
850 2367 926 2398 lites
944 2366 1014 2398 BP.
1047 2364 1057 2407 Γ
1096 2367 1133 2398 14
1161 2365 1211 2397 nb.
1237 2365 1275 2402 P,
1300 2365 1325 2396 ii
1351 2365 1402 2395 nb.
1420 2362 1464 2394 B:
1489 2363 1563 2404 fuit
1589 2374 1618 2393 n.
1645 2373 1673 2404 p.

270 2411 322 2442 uel
346 2410 418 2442 nob.
442 2421 470 2452 p.
525 2409 536 2452 Η
587 2421 618 2442 u.
645 2413 684 2450 c]
710 2422 730 2453 y
757 2412 797 2443 ιἰῧ
816 2411 884 2443 BP.
933 2412 945 2451 Η
995 2411 1033 2444 16
1060 2410 1101 2452 pf.
1121 2410 1159 2450 B,
1186 2421 1232 2453 ps.
1250 2411 1287 2442 P.
1330 2409 1339 2452 Η
1388 2408 1425 2440 18
1451 2418 1566 2450 penam
1582 2408 1619 2439 P.
1662 2406 1678 2450 Η

270 2456 424 2488 multauit
442 2455 508 2487 BP.
541 2454 552 2498 Η
589 2456 626 2488 19
653 2457 785 2488 consub.
806 2456 841 2487 Β.
876 2456 887 2499 Η
922 2458 962 2488 20
987 2456 1007 2498 ξ
1031 2457 1051 2487 4
1076 2458 1110 2488 in
1129 2456 1237 2488 codice
1254 2454 1419 2487 Vaticano
1436 2463 1505 2496 reg.
1529 2452 1613 2486 1128
1631 2452 1678 2484 ad

269 2501 371 2543 finem
402 2499 618 2533 Theodosium·
648 2500 775 2533 Codicis
808 2501 975 2544 adscripta
1010 2501 1145 2543 legitur.
1199 2499 1209 2543 Η
1261 2500 1383 2532 librum
1407 2499 1481 2538 (lib.
1507 2509 1523 2529 v
1548 2497 1675 2530 emend.

273 2546 408 2582 Vesme)
427 2571 434 2578 .
453 2570 485 2578 ..
515 2548 622 2585 sexta]
649 2546 769 2587 Vatia,
794 2556 856 2578 om.
875 2547 945 2586 BP3
970 2547 1017 2588 ef.
1043 2546 1087 2578 ad
1110 2557 1142 2578 u.
1169 2547 1221 2577 22.
1255 2544 1266 2587 Η
1307 2545 1348 2576 22
1374 2545 1502 2586 imp...
1522 2568 1530 2576 .
1548 2543 1679 2582 theod]

271 2591 358 2623 idem
384 2590 492 2623 Vatic.
522 2594 609 2623 recte
636 2591 798 2633 fortasse.
839 2590 848 2632 Η
891 2594 977 2634 pp0.]
1004 2591 1125 2632 Valz'c„
1157 2601 1230 2633 ppo.
1255 2589 1314 2621 sub
1341 2589 1441 2621 titulo
1460 2587 1526 2630 BP,
1559 2588 1605 2630 cf.
1631 2587 1679 2619 ad

271 2646 304 2667 u.
329 2636 381 2667 20.
423 2635 433 2677 Η
475 2636 517 2667 24
543 2638 614 2678 pro]
640 2646 697 2678 per
721 2635 829 2668 Vatic.
874 2635 884 2677 Ι
928 2636 1170 2669 ἰωοουεῐειυῑίο
1195 2635 1232 2667 Β.
1272 2635 1286 2676 Η
1326 2634 1366 2666 25
1396 2644 1428 2666 111
1460 2634 1489 2665 k.
1524 2635 1587 2666 ian.
1606 2632 1679 2674 BP,

271 2681 302 2712 k.
332 2681 398 2713 iun.
428 2679 535 2712 Valz'c.
576 2680 585 2723 Η
627 2682 941 2723 constantinopolim
967 2682 1087 2722 Vatia,
1111 2691 1174 2713 om.
1192 2680 1259 2712 BP.

1694 907 1797 932 2396

1706 1177 1752 1212 lo

1695 1419 1720 1437 a.
1739 1412 1798 1438 386

1704 1459 1747 1494 15

1695 1701 1722 1721 a.
1741 1695 1803 1724 2322

1703 1741 1750 1775 20

1701 1964 1745 1998 24

1693 2038 1720 2056 a.
1737 2031 1797 2055 332
