1828 3011
760 151 1202 190 —128—

277 267 471 318 posterior
502 280 607 312 esse3
652 280 740 306 nam
774 275 879 307 recte
911 267 1070 305 omnino
1103 267 1323 305 Huschkius
1357 268 1395 315 (l.
1424 280 1455 305 c.
1484 281 1520 319 p.
1551 268 1573 306 9
1592 273 1689 318 seq.)

272 325 427 363 monuit
442 325 523 374 lege
540 337 582 362 ea
601 323 684 362 sine
699 324 815 362 dubio
832 325 869 362 id
889 324 1017 374 ipsum
1037 323 1227 361 sancitum
1246 336 1342 371 esse,
1365 324 1467 374 quod
1489 337 1560 362 usu
1578 331 1689 362 antea

272 380 516 419 obtinuisset.
560 380 737 430 sequitur
759 381 848 418 inde
870 381 1040 419 libellum
1060 380 1249 430 prodiisse
1270 380 1373 418 inter
1387 393 1419 418 a.
1440 380 1520 419 394
1539 388 1576 418 et
1593 380 1686 425 438,

270 437 336 475 sed
361 444 402 476 ut
423 437 584 488 propius
606 437 651 475 ad
673 438 779 475 illum
799 449 944 475 annum
968 449 1083 486 quam
1107 436 1152 474 acl
1175 435 1279 474 hunc
1300 437 1480 475 accedere
1499 437 1687 475 uideatur.

386 494 596 544 Scripsisse
614 501 809 532 auctorem
827 493 865 530 in
889 493 1063 544 partibus
1082 492 1302 531 Occidentis
1320 505 1407 531 cum
1430 494 1518 532 inde
1541 493 1688 544 colligi-

270 557 346 596 tur,
379 552 482 601 quod
516 556 629 588 uetus
662 556 938 588 testamentum
966 561 1042 587 non
1068 549 1209 587 Graece
1231 549 1418 594 adhibuit,
1451 550 1515 587 sed
1540 549 1685 596 Latine,

271 614 354 644 tum
396 619 440 644 ex
479 606 764 656 subscriptione
803 618 916 656 saepe
947 605 1083 643 citatae
1115 605 1403 644 constitutionis
1435 606 1515 645 390
1542 619 1605 657 pp.
1624 619 1685 658 pr.

267 663 314 701 id.
355 662 481 701 Maias
511 662 650 701 Romae
685 665 724 700 in
761 664 856 700 arrio
886 661 1091 701 Mineruae.
1154 675 1195 699 ea
1233 675 1321 700 cum
1353 662 1390 700 in
1420 662 1686 701 Theodosiano

269 731 430 770 corpore
463 720 555 757 haec
584 720 649 757 sit:
678 731 741 769 pp.
763 721 803 757 in
823 719 910 769 soro
934 717 963 756 T
963 721 1093 757 raz‘am'
1117 717 1210 757 VIII
1234 719 1283 757 id.
1305 719 1397 769 Any.
1428 719 1687 758 Valentiniano

267 776 360 826 Any.
389 773 472 813 IIII
506 782 539 814 et
578 775 748 814 Neoterz'o
786 787 874 813 coss.
915 781 954 813 et
999 776 1084 813 data
1127 775 1178 813 sit
1213 775 1429 813 secundum
1477 782 1687 825 utrumque

266 838 404 870 testem
437 832 483 870 ad
516 832 734 870 Orientium
766 831 953 870 uicarium
983 831 1090 870 urbis
1112 831 1269 877 Romae,
1302 832 1487 871 scribenti
1509 832 1547 869 in
1571 831 1685 870 Occi-

267 888 381 926 dente
418 896 456 927 et
493 889 660 927 maxime
692 889 835 927 Romae
867 888 997 926 statim
1031 895 1074 926 ut
1104 888 1203 926 edita
1227 895 1285 927 est
1312 889 1421 927 facile
1442 889 1686 927 innotescere

266 945 405 996 potuit.
448 945 703 983 confirmatur
729 945 819 983 inde
847 958 1001 995 quoque
1022 945 1125 995 quod
1149 958 1264 996 supra
1287 945 1491 996 posuimus
1512 945 1684 984 libellum

265 1013 342 1039 non
377 1001 542 1040 multum
576 1008 665 1053 post
694 1001 816 1052 legem
850 1014 933 1040 eam
967 1001 1106 1040 editam
1140 1002 1291 1052 publice
1322 1002 1524 1052 prodiisse.

379 1058 532 1097 Titulus
564 1058 691 1109 operis
712 1058 960 1108 auctorisque
982 1071 1125 1096 nomen
1147 1059 1279 1103 latent.
1332 1059 1545 1097 secundum
1569 1070 1686 1109 supra

265 1127 303 1164 p.
325 1114 402 1153 118
439 1115 554 1153 relata
595 1115 697 1165 quod
736 1122 894 1166 apparet
929 1115 969 1152 in
999 1115 1200 1153 communi
1236 1121 1461 1154 nostrorum
1495 1115 1684 1153 librorum

267 1171 476 1223 archetypo
497 1184 567 1223 pro
590 1172 701 1210 titulo
723 1171 1004 1222 praescriptum
1030 1171 1150 1210 fuisse
1172 1171 1235 1210 lem
1258 1172 1336 1215 (uel
1357 1172 1450 1210 adeo
1474 1170 1603 1223 leyem)
1627 1172 1688 1210 dei

265 1240 377 1279 quam
409 1231 600 1279 praecepit
637 1229 808 1267 dommus
844 1228 894 1267 ad
924 1227 1079 1278 Moysen
1118 1228 1150 1266 si
1182 1228 1291 1267 uenit
1320 1229 1367 1267 ab
1397 1229 1482 1279 ipso
1512 1235 1682 1274 auctore,

266 1284 423 1322 titulum
465 1285 511 1323 ab
549 1298 592 1323 eo
632 1285 914 1336 praescriptum
949 1284 1031 1322 sine
1064 1284 1180 1323 dubio
1211 1284 1366 1324 exhibet
1396 1285 1682 1336 imperfectum,

265 1353 352 1379 cum
386 1353 447 1379 res
480 1341 662 1392 requirat,
696 1348 739 1380 ut
768 1341 896 1379 addita
926 1341 1074 1379 fuerint
1105 1341 1211 1380 talia:
1243 1348 1277 1380 et
1309 1342 1370 1380 lem
1389 1341 1566 1381 Romana
1591 1353 1684 1392 quo-

263 1397 372 1436 modo
403 1400 641 1437 conueniant.
693 1397 758 1436 sed
791 1410 878 1436 cum
906 1397 1201 1448 antiquissimus
1224 1399 1398 1436 omnium
1423 1398 1469 1436 de
1492 1399 1564 1436 hoc
1586 1397 1682 1436 libro

264 1454 374 1492 testis
414 1454 644 1492 Hincmarus
690 1466 779 1492 eum
825 1454 956 1492 laudet
1002 1454 1074 1492 sub
1121 1454 1231 1492 titulo
1277 1454 1364 1505 Iegis
1400 1453 1595 1494 Romanae
1625 1453 1681 1505 (u.

262 1522 298 1561 p.
325 1510 422 1559 112)
446 1518 482 1549 et
505 1510 640 1549 titulus
663 1510 725 1549 ille
752 1510 862 1548 facile
883 1509 1106 1548 concinnari
1128 1511 1300 1561 potuerit
1321 1523 1366 1548 ex
1386 1511 1503 1549 libelli
1525 1511 1682 1549 exordio

263 1573 300 1605 et
335 1567 508 1618 capitum
547 1579 701 1618 quoque
734 1566 965 1605 diuisionem
999 1567 1168 1605 auctoris
1200 1566 1361 1606 consilio
1394 1567 1553 1606 omnino
1585 1579 1682 1606 con—

263 1624 419 1662 trariam
452 1632 490 1662 et
520 1624 670 1674 egregie
701 1623 871 1674 ineptam
905 1624 1101 1674 archetypi
1128 1623 1294 1674 scriptor
1313 1624 1528 1671 intruserit,
1563 1623 1682 1674 magis

262 1680 491 1719 crediderim
524 1680 868 1731 praescriptionem
901 1692 984 1718 eam
1017 1680 1186 1718 additam
1220 1693 1304 1719 esse
1330 1693 1351 1719 a
1372 1680 1528 1719 librario
1549 1693 1594 1719 eo
1616 1679 1683 1731 qui

263 1744 488 1776 nostrorum
520 1737 708 1776 librorum
743 1738 994 1788 archetypum
1021 1737 1206 1782 exarauit‚
1237 1737 1458 1788 retinuique
1479 1744 1683 1789 propterea

262 1794 557 1845 inscriptionem
585 1794 632 1832 ab
655 1794 819 1833 Henrico
843 1793 1040 1845 Stephano
1061 1794 1150 1832 inde
1175 1793 1317 1844 (1580)
1339 1800 1531 1846 receptam
1557 1794 1682 1833 Colla-

263 1849 379 1889 tionis
402 1851 528 1901 legum
551 1851 804 1889 Mosaicarum
827 1857 866 1889 et
883 1851 1146 1889 Romanarum
1169 1863 1248 1889 non
1271 1850 1469 1901 antiquam
1493 1863 1590 1897 eam,
1614 1850 1681 1889 sed

262 1914 390 1958 aptam
423 1914 462 1945 et
492 1908 609 1958 uulgo
641 1914 787 1946 notam.
839 1907 1043 1946 titulorum
1070 1907 1345 1959 inscriptiones
1366 1907 1490 1959 ipsius
1511 1907 1681 1946 auctoris

263 1970 366 2002 sunt.
426 1964 471 2002 ad
510 1977 695 2003 numeros
738 1964 839 2014 quod
878 1964 1025 2008 attinet,
1068 1976 1185 2015 supra
1222 1964 1395 2003 uidimus
1427 1964 1680 2003 Hincmarum

263 2032 378 2058 usum
412 2033 496 2059 esse
518 2021 727 2072 exemplari
751 2021 865 2059 huius
886 2020 1003 2059 libelli
1026 2020 1151 2059 diuiso
1183 2022 1221 2059 in
1254 2021 1386 2060 titulos
1419 2021 1680 2072 septendecim

262 2083 301 2115 et
331 2084 419 2128 post
447 2089 529 2116 eam
563 2085 726 2116 aetatem
760 2084 906 2116 mutata
939 2077 1192 2128 inscriptione
1224 2077 1326 2116 tituli
1356 2077 1470 2116 hodie
1497 2076 1613 2128 primi
1645 2083 1683 2115 et

263 2133 479 2172 oblitterata
520 2134 674 2172 rubrica
712 2134 878 2172 secunda
917 2135 1112 2185 exemplar
1148 2135 1326 2173 effectum
1360 2146 1444 2172 esse
1476 2133 1678 2172 titulorum

262 2190 428 2228 sedecim
448 2191 731 2237 tantummodo,
751 2204 796 2229 ex
812 2204 887 2241 quo
904 2197 1035 2229 nostra
1054 2191 1306 2230 descendunt.
1335 2191 1589 2229 nihilominus
1607 2190 1681 2229 du-

261 2247 368 2286 bium
388 2254 457 2293 est,
475 2260 569 2285 num
588 2260 773 2286 numeros
790 2247 874 2286 illos
898 2248 979 2298 ipse
1001 2254 1136 2286 auctor
1159 2247 1428 2299 adscripserit3
1453 2259 1542 2285 nam
1569 2259 1679 2285 com-

262 2304 371 2342 muni
386 2317 459 2343 usu
471 2312 782 2342 aue101umiu11s
760 2311 1053 2378 numerantur
1064 2304 1183 2378 libri
1177 2317 1253 2343 non
1267 2310 1524 2342 numerantur
1536 2303 1679 2377 11111111)

353 2404 378 2445 1)
404 2404 453 2436 Α11
485 2405 546 2435 hac
564 2372 645 2444 lege
673 2414 775 2446 neque
776 2372 1008 2436 'lheodosiiis
1034 2403 1060 2436 II
1088 2415 1192 2446 neque
1219 2372 1424 2436 Iustinianus
1450 2409 1678 2435 recesserunt.

262 2449 641 2482 cod1‹1s'rheod0siaui
679 2450 849 2491 exemplar
885 2451 969 2491 qmd
1003 2451 1153 2481 adhibuit
1178 2451 1232 2491 qui
1263 2451 1366 2490 legem
1394 2448 1569 2480 Romanam
1598 2449 1679 2480 But—

262 2496 464 2535 gundionum
492 2496 680 2536 composuit
705 2505 784 2527 sane
811 2496 936 2526 nostris
964 2496 1115 2527 omuibus
1140 2496 1308 2527 uetustius
1328 2504 1431 2536 neque
1449 2494 1604 2526 rubricas
1623 2505 1680 2525 ne-

263 2552 324 2582 que
351 2543 441 2579 leges
468 2541 665 2579 numerauit,
699 2552 769 2571 cum
802 2541 880 2571 illae
911 2542 981 2572 suis
1008 2540 1134 2581 uerbis,
1166 2542 1226 2572 hae
1253 2541 1290 2571 ad
1317 2540 1603 2582 praescriptiones
1631 2539 1677 2571 ibi

262 2586 451 2618 laudentur.
501 2586 674 2617 Iustiniani
705 2596 832 2628 quoque
858 2591 1015 2618 auctores
1042 2597 1146 2627 neque
1173 2586 1318 2625 Digestis
1344 2586 1414 2616 suis
1441 2595 1596 2616 numeros
1621 2595 1679 2615 ru-

263 2631 429 2662 bricarum
470 2633 679 2674 capitumque
716 2632 969 2673 adscripserunt
1009 2638 1049 2670 (u.
1079 2633 1128 2662 ed.
1154 2642 1244 2663 meae
1271 2631 1409 2662 maioris
1436 2630 1678 2672 praefationem

263 2688 290 2718 p.
313 2677 360 2718 X)
398 2688 500 2718 neque
538 2677 623 2708 idem
662 2676 813 2708 feceruut
852 2678 881 2707 in
916 2678 1050 2717 codice3
1088 2681 1179 2709 certe
1212 2676 1315 2707 codex
1347 2677 1553 2708 Veronensis
1581 2676 1677 2715 longe

263 2724 407 2764 optimus
426 2723 580 2762 omnium,
607 2723 663 2754 sed
690 2727 799 2754 tamen
826 2726 859 2754 et
884 2722 955 2764 ipse
982 2723 1035 2755 hie
1061 2723 1134 2755 illic
1151 2722 1324 2755 breuiatus
1341 2726 1501 2764 utrosque
1522 2733 1675 2755 numeros

262 2769 453 2809 adscriptos
479 2768 579 2800 babet
597 2767 739 2800 Graece.
