1823 3016
0 78 6 262 ὲ
661 191 777 195 —-
843 166 922 206 157
987 190 1104 193 —
1236 173 1431 200 conmmo
1453 164 1484 203 6,
1506 176 1584 200 3—4.

0 263 7 308 l

166 285 328 337 impedit
372 284 528 336 nuptias
573 284 674 323 inter
716 290 897 336 parentes
942 296 986 322 ac
1029 283 1173 322 liberos
1206 282 1444 327 omnimodo,
1484 282 1586 321 inter

27 348 47 381 6
84 359 108 387 3,
128 358 144 382 3
169 345 307 381 fratres
338 346 511 388 eatenus,
542 347 736 392 quatenus
768 341 903 392 capitis
936 340 1103 379 minutio
1135 351 1213 378 non
1244 339 1470 377 interuenit.
1518 351 1588 376 nec

166 411 322 438 socrum
360 411 431 437 nec
473 411 618 437 nurum
657 399 750 449 [nec]
783 398 1001 450 priuignam
1034 409 1106 435 nec
1136 408 1345 435 nouercam
1378 395 1586 446 aliquando

165 456 260 495 citra
292 468 457 507 poenam
490 455 627 494 incesti
673 467 834 493 uxorem
881 455 1021 494 ducere
1056 453 1157 499 licet,
1191 453 1291 491 sicut
1321 465 1393 491 nec
1424 452 1584 490 amitam

166 519 233 552 aut
273 518 534 551 materteram.
612 512 677 550 sed
723 512 786 563 qui
830 512 894 550 uel
936 517 1135 561 cognatam
1168 516 1302 549 contra
1333 508 1585 548 interdictum
1611 512 1632 547 5

167 569 334 615 duxerit,
380 569 544 607 remisso
592 569 744 607 mulieri
790 569 885 607 iuris
931 580 1062 607 errore
1097 567 1180 619 ipse
1211 579 1375 619 poenam
1407 565 1586 605 adulterii

168 626 250 677 lege
280 625 375 664 Iulia
407 626 566 677 patitur,
599 638 677 664 non
711 625 826 664 etiam
860 625 987 664 ducta.

49 712 57 726 ,
83 697 108 725 4,
127 697 143 720 1
225 695 481 721 cnecomAnvs
513 682 610 721 libro
641 682 778 733 quinto
810 682 883 721 sub
914 682 1027 721 titulo
1058 681 1104 720 de
1138 679 1299 732 nuptiis.
1355 679 1587 731 Exemplum

335 739 552 778 litterarum
584 739 809 778 Diocletiani
844 746 883 778 et
918 737 1141 778 Maximiani
1176 737 1297 789 impp.
1337 737 1452 776 talem
1493 748 1589 774 con-

337 796 577 835 iunctionem
612 796 781 847 grauiter
811 795 950 847 punire
981 800 1281 834 commemorat:
1618 797 1661 830 10

279 852 511 904 Exemplum
545 853 660 892 edicti
689 852 915 892 Diocletiani
947 858 986 891 et
1005 851 1228 891 Maximiani
1261 852 1392 901 [Augg.
1425 856 1463 888 et
1485 850 1588 889 Con-

168 909 300 949 stantii
332 916 369 948 et
389 909 624 959 Maximiani]
654 909 992 948 nobilissimorum
1015 909 1237 948 Caesarum.
1299 907 1491 954 Quoniam
1515 906 1588 958 piis

166 967 435 1018 religiosisque
469 966 666 1005 mentibus
697 966 842 1005 nostris
874 979 929 1013 ea,
962 979 1059 1016 quae
1091 965 1278 1004 Romanis
1304 964 1453 1015 legibus
1485 969 1589 1002 caste

168 1031 377 1074 sancteque
409 1030 501 1062 sunt
532 1023 756 1067 constituta,
789 1022 1022 1061 uenerabilia
1055 1023 1222 1061 maxime
1254 1021 1439 1060 uidentur
1473 1027 1590 1070 atque

166 1085 321 1119 aeterna
352 1080 539 1130 religione
571 1079 773 1120 seruanda.
806 1079 1053 1118 dissimulare
1084 1092 1139 1125 ea,
1171 1091 1270 1129 quae
1300 1091 1320 1116 a
1353 1077 1585 1128 quibusdam
1617 1081 1658 1114 15

166 1137 207 1175 in
238 1137 491 1188 praeteritum
524 1136 670 1175 nefarie
690 1136 915 1186 incesteque
937 1135 1145 1174 commissa
1169 1141 1275 1181 sunt,
1309 1147 1386 1173 non
1410 1140 1590 1185 oportere

167 1193 381 1232 credimus:
424 1205 511 1232 cum
564 1193 626 1231 uel
676 1193 891 1231 cohibenda
941 1199 1034 1231 sunt
1075 1192 1137 1231 uel
1182 1192 1298 1230 etiam
1346 1190 1589 1235 uindicanda,

166 1251 370 1301 insurgere
401 1262 473 1288 nos
505 1249 705 1301 disciplina
738 1256 964 1288 nostrorum
998 1256 1219 1301 temporum
1253 1248 1492 1287 cohortatur.
1536 1247 1590 1285 ita

168 1306 272 1345 enim
319 1313 358 1345 et
400 1307 502 1358 ipsos
533 1307 758 1346 inmortales
788 1306 880 1345 deos
926 1306 1103 1345 Romano
1149 1305 1313 1349 nomini,
1352 1311 1396 1343 ut
1435 1316 1591 1355 semper

167 1366 340 1409 fuerunt.
372 1365 549 1402 fauentes
580 1369 696 1415 atque
728 1364 896 1415 placatos
928 1366 1081 1402 futuros
1113 1375 1198 1402 esse
1229 1375 1308 1401 non
1332 1362 1495 1401 dubium
1517 1367 1589 1406 est,
1618 1365 1663 1399 20

170 1421 202 1460 si
233 1426 394 1459 cunctos
426 1421 500 1459 sub
530 1420 694 1472 imperio
726 1427 860 1459 nostro
892 1427 1048 1471 agentes
1080 1420 1184 1472 piam
1221 1419 1520 1470 religiosamque
1552 1423 1591 1456 et

169 1477 340 1529 quietam
389 1483 426 1516 et
470 1483 615 1516 castam
662 1477 702 1516 in
748 1477 930 1516 omnibus
977 1490 1082 1516 mere
1120 1477 1244 1515 colere
1275 1475 1590 1528 perspexerimus

134 1535 305 1573 2uitam.
380 1534 420 1573 in
467 1547 543 1585 quo
583 1534 623 1572 id
674 1535 791 1573 etiam
837 1533 1124 1586 prouidendum
1156 1545 1272 1584 quam
1307 1532 1474 1571 maxime
1506 1544 1592 1570 esse

170 1591 408 1637 censuimus,
441 1598 485 1630 ut
516 1591 775 1630 matrimoniis
807 1591 983 1641 religiose
1015 1597 1133 1642 atque
1154 1590 1325 1641 legitime
1347 1589 1454 1628 iuxta
1472 1588 1590 1627 disci-

170 1648 315 1700 plinam
346 1647 443 1687 iuris
474 1648 619 1687 ueteris
652 1648 841 1700 copulatis
873 1655 951 1687 tam
975 1660 1111 1687 eorum
1134 1646 1342 1693 honestati,
1364 1646 1432 1697 qui
1453 1645 1589 1697 nupti-
1616 1649 1659 1684 ‘25

170 1734 185 1739 .,
188 1734 250 1741 sNJ
253 1734 266 1740 J
270 1734 315 1740 mv
318 1734 479 1740 ΝΜΝᾺ».’«
482 1734 529 1741 sss
532 1738 537 1741 .
540 1734 677 1741 -wsvxssaess
680 1735 691 1741 ,s
694 1735 911 1741 .v„-f.rNAvx.W.

263 1785 277 1816 1
304 1785 366 1816 hac
389 1784 464 1824 BV,
502 1784 562 1816 hos
586 1784 644 1817 W.
686 1783 696 1827 ΙΙ
739 1785 758 1816 2
784 1796 846 1816 non
874 1795 937 1817 om.
963 1785 1006 1817 V.
1049 1784 1059 1827 ΙΙ
1103 1795 1162 1816 nec
1188 1786 1288 1824 socr.]
1323 1795 1387 1815 non
1418 1794 1507 1816 socr.
1534 1782 1591 1816 ll'.

171 1828 181 1871 ΙΙ
225 1830 243 1860 3
272 1840 332 1861 nec
355 1832 433 1861 ante
458 1830 544 1871 priu.
571 1841 635 1861 om.
662 1829 747 1862 libri.
790 1830 800 1872 ΙΙ
842 1831 863 1862 4
888 1831 1011 1862 incerti
1040 1830 1098 1870 W,
1130 1831 1260 1862 incerte
1288 1829 1329 1862 V.
1372 1828 1383 1872 Η
1425 1831 1443 1861 5
1469 1834 1593 1861 mater-

168 1880 243 1907 tera
273 1875 315 1907 V.
370 1880 382 1917 ῃ
434 1876 492 1907 sed
519 1876 575 1917 qui
600 1876 666 1916 uel]
699 1877 755 1908 sed
787 1876 842 1907 uel
871 1877 926 1918 qui
956 1875 1000 1917 V,
1038 1877 1096 1908 sed
1121 1876 1177 1908 uel
1203 1876 1248 1915 B;
1290 1876 1345 1918 qui
1374 1875 1507 1907 affinem
1537 1874 1594 1906 uel

169 1920 331 1953 Huschke.
364 1922 376 1961 l]
411 1920 430 1952 6
460 1921 618 1953 remissio
643 1921 681 1953 B.
724 1920 735 1961 ΙΙ
777 1922 930 1953 mulieris
962 1922 1050 1954 iuris
1083 1932 1200 1954 errore
1227 1921 1265 1962 B,
1294 1921 1448 1953 mulieris
1474 1931 1594 1953 errore

171 1966 214 2006 V,
253 1965 390 1998 mulieri
423 1976 541 1997 sorore
568 1966 625 2000 W.
668 1965 679 2009 {l
721 1968 739 1997 7
765 1967 852 2007 legis
880 1967 964 1999 iulia
987 1968 1027 2008 B,
1057 1968 1164 2007 legem
1191 1967 1304 1999 iuliam
1331 1966 1387 1999 W.
1414 1965 1430 2010 l]
1463 1967 1594 1997 ductam

171 2011 259 2043 libri.
302 2010 313 2054 Η
355 2011 373 2043 8
400 2012 515 2053 quinto
542 2023 606 2043 om.
632 2011 660 2044 B
685 2012 794 2053 (ind).
829 2012 840 2055 ΙΙ
874 2013 914 2045 de
940 2019 1030 2055 nupt.
1057 2013 1116 2045 sub
1142 2013 1246 2045 titulo
1273 2013 1347 2051 (-lis
1367 2011 1434 2051 W)
1461 2011 1542 2044 libri
1583 2011 1594 2054 Η

171 2058 190 2088 9
217 2057 412 2088 dioclitiani
436 2057 513 2089 BV.
544 2057 554 2100 ΙΙ
584 2058 846 2100 imperatoribus
873 2058 930 2092 W.
972 2059 985 2100 ΙΙ
1025 2059 1086 2091 tali
1114 2058 1170 2091 W.
1202 2056 1213 2099 ΙΙ
1250 2058 1288 2089 10
1314 2059 1427 2100 puniri
1452 2057 1538 2090 libri.
1581 2059 1592 2099 Η

171 2108 433 2134 commemorant
448 2102 524 2143 Ill»,
544 2110 748 2136 commerant
763 2103 840 2137 Wa.
871 2103 883 2146 ΙΙ
915 2106 952 2137 11
974 2115 1026 2137 ex.
1045 2105 1150 2137 edicti
1168 2103 1367 2136 diocletiani
1385 2103 1596 2141 (dioclitiani

172 2147 200 2180 B
217 2149 328 2187 [tex-L]
348 2147 391 2188 V,
409 2148 604 2180 dioclisiani
622 2148 651 2180 B
667 2149 749 2186 ind..
776 2150 962 2181 diodetiani
981 2149 1047 2191 W)
1067 2156 1101 2182 et
1117 2150 1313 2182 maximiani
1329 2149 1514 2187 (maximini
1528 2149 1595 2185 Va)

170 2194 244 2226 nob.
270 2203 356 2225 caes.
382 2192 469 2234 libri,
497 2195 594 2236 impp.
621 2194 852 2227 Diocletianus
878 2200 911 2227 et
929 2195 1154 2228 Maximianus
1172 2196 1245 2228 AA.
1273 2200 1306 2226 et
1331 2194 1446 2227 Caess.
1464 2195 1549 2227 Just.
1582 2194 1592 2237 [1

173 2239 233 2281 12>
258 2239 335 2281 piis]
385 2240 460 2281 quis
496 2237 590 2273 VW.
632 2239 642 2283 Η
688 2241 725 2273 13
763 2241 951 2282 religiosis]
986 2242 1113 2283 relegis
1150 2242 1203 2273 his
1237 2239 1291 2273 W.
1335 2240 1346 2284 ΙΙ
1391 2242 1431 2273 14
1466 2241 1596 2272 sancie-

171 2295 234 2327 que
253 2283 311 2317 W.
345 2284 355 2327 ΙΙ
390 2286 559 2317 contituta
582 2286 661 2325 (sic)
687 2286 724 2318 B.
758 2285 769 2329 ΙΙ
806 2287 845 2318 15
871 2287 1067 2328 quibusdum
1087 2285 1145 2320 W.
1177 2286 1188 2328 ΙΙ
1223 2287 1262 2319 16
1289 2287 1482 2329 incerteque
1502 2285 1594 2318 VW.

171 2329 182 2372 ΙΙ
226 2332 397 2371 oportere]
436 2342 602 2374 opponere
630 2330 686 2363 W.
706 2330 717 2374 ἱΙ
739 2332 779 2363 17
805 2333 888 2373 cum]
914 2343 1008 2364 aeum
1038 2333 1082 2364 B:
1120 2332 1319 2364 eoecz'derunt
1350 2334 1497 2371 fortasse
1523 2335 1597 2374 post

172 2376 341 2408 credimus
373 2375 474 2408 talia:
506 2377 540 2408 in
571 2378 680 2408 onmia
713 2377 813 2409 enim.
855 2377 865 2420 ΙΙ
911 2377 950 2411 18
984 2381 1055 2418 nos]
1083 2389 1146 2410 non
1171 2378 1211 2410 B.
1251 2379 1265 2419 1]
1305 2378 1518 2420 disciplinam
1539 2375 1594 2409 W.

177 2420 187 2462 ΙΙ
223 2423 433 2461 cohortatur]
459 2427 658 2464 queortatur
677 2421 734 2455 W.
768 2422 779 2465 Π
816 2423 855 2456 19
881 2424 962 2455 deus
983 2423 1024 2456 V.
1062 2422 1073 2467 ΙΙ
1103 2424 1250 2456 romanis
1272 2422 1328 2455 W.
1359 2422 1370 2466 ΙΙ
1402 2423 1443 2455 20
1468 2422 1598 2454 fuerint

172 2467 258 2499 libri.
293 2466 304 2510 ΙΙ
338 2467 490 2509 placatus
508 2467 618 2501 BaW.
654 2467 665 2510 {1
695 2467 828 2500 futurus
847 2469 932 2501 libri.
967 2467 977 2512 ΙΙ
1011 2469 1051 2503 21
1072 2475 1192 2501 cuncto
1213 2469 1255 2502 V.
1290 2468 1301 2511 {l
1335 2474 1451 2500 nostro
1478 2472 1596 2509 gentes

172 2512 212 2551 B,
239 2517 384 2544 nostram
409 2513 571 2546 habentes
592 2512 647 2546 W.
672 2515 686 2554 ΙΙ
715 2514 977 2558 religiosasquae
994 2515 1035 2547 B.
1060 2514 1071 2558 Η
1097 2520 1131 2547 et
1155 2525 1220 2546 om.
1240 2514 1297 2547 W.
1338 2513 1349 2557 Η
1383 2514 1425 2545 22
1452 2515 1597 2557 quietem

173 2557 247 2590 BV.
296 2556 306 2600 ΙΙ
354 2564 388 2590 et
423 2569 487 2591 om.
523 2558 563 2592 V.
608 2560 622 2600 ΙΙ
662 2560 696 2592 in
734 2560 898 2600 omnibus]
936 2561 1124 2593 nominibus
1151 2559 1206 2593 W.
1262 2559 1273 2602 Η
1326 2561 1428 2600 mere]
1466 2561 1597 2602 scripsi,

173 2613 266 2634 more
297 2603 384 2645 libri,
420 2615 514 2637 more
550 2605 712 2637 maiorum
744 2605 909 2638 Cuiacius.
950 2605 962 2649 ΙΙ
1003 2606 1045 2638 23
1071 2607 1188 2645 uitam]
1226 2606 1311 2637 uitia
1331 2605 1374 2637 V.
1417 2605 1428 2647 l]
1462 2615 1526 2647 quo
1552 2605 1594 2645 id]

175 2648 259 2690 quod
278 2648 315 2680 B.
350 2647 362 2691 ΙΙ
395 2652 438 2683 24
462 2651 662 2687 religionem
682 2649 738 2690 W,
764 2651 932 2691 religione
949 2652 993 2684 V.
1019 2650 1031 2695 ΙΙ
1049 2653 1160 2694 atque]
1179 2661 1242 2693 que
1261 2651 1304 2683 V.
1340 2650 1351 2692 ΙΙ
1386 2650 1426 2683 25
1453 2651 1596 2690 ueteris]

175 2694 301 2725 uestris
331 2694 376 2735 V,
413 2698 522 2728 uestri
554 2696 609 2729 W.
655 2695 666 2739 ΙΙ
710 2697 922 2728 honestatum
950 2697 978 2729 B
1013 2699 1077 2737 (sic
1109 2699 1148 2729 ut
1177 2696 1314 2729 uidetur
1343 2697 1411 2729 loco
1443 2695 1597 2736 euanido,

175 2740 383 2772 honestatem
406 2742 642 2786 apographum
658 2741 851 2784 Scaligerz),
876 2743 1032 2775 honerati
1052 2742 1110 2783 W,
1134 2742 1292 2774 honorati
1311 2741 1352 2775 V.
