1823 3016
677 102 793 106 —.
857 79 938 120 211
1003 103 1121 107 —
1236 87 1417 119 CONSVLT.
1439 81 1472 125 6,
1494 94 1617 119 5a—10.

189 196 398 249 pertinere.
446 196 551 235 Idem
584 197 721 236 eodem
753 196 852 236 libro
884 197 1167 236 sententiarum
1190 204 1434 250 receptarum
1457 199 1617 240 eodem-

196 265 272 305 que
305 252 417 291 titulo
450 252 482 292 si
512 253 706 293 hereditas
738 260 810 293 etc.

91 312 129 355 6,
154 324 170 348 e
304 309 376 348 Eas
408 321 483 356 res,
516 323 613 361 quas
635 310 723 361 quis
753 309 850 349 iuris
883 309 943 349 sui
974 322 1058 349 esse
1085 315 1208 362 putat,
1240 315 1372 362 petere
1393 317 1533 362 potest,
1565 311 1617 351 ita

190 373 319 406 tamen
353 372 395 405 ut
426 366 499 418 ipsi
520 367 724 406 incumbat
744 366 953 406 necessitas
975 366 1165 418 probandi
1190 379 1253 406 eas
1276 367 1323 406 ad
1345 380 1386 406 se
1408 367 1615 419 pertinere.

190 423 294 463 [dem
329 423 415 462 eod.
447 423 550 474 leges
581 423 647 462 lib.
683 429 722 462 et
752 423 811 463 tit.
844 423 926 462 ΗΠ.

92 477 129 519 6,
154 486 170 513 ⁷
304 479 347 517 In
379 479 567 531 petitione
600 480 824 519 hereditatis
857 493 900 519 ea
924 479 1088 519 ueniunt
1108 492 1206 531 quae
1239 480 1446 519 defunctus
1477 480 1617 519 mortis

191 543 367 587 tempore
412 536 630 588 dereliquit,
677 537 740 576 uel
784 549 825 576 ea
871 549 969 587 quae
1013 542 1103 588 post
1144 542 1310 576 mortem
1352 542 1442 576 ante
1473 536 1616 576 aditam

189 592 446 632 hereditatem
479 606 525 632 ex
556 606 599 632 ea
630 593 803 644 quaesita
835 599 940 632 sunt.
990 593 1084 632 Eod.
1116 593 1181 632 lib.
1215 601 1253 633 et
1284 593 1342 633 tit.
1365 593 1398 633 si
1420 593 1615 632 hereditas

189 649 251 689 uel
282 650 376 700 quid
407 649 509 688 aliud
542 656 710 702 petatur.

89 700 127 740 6²
152 713 169 737 8
246 706 330 745 Lib.
362 706 395 745 ΙΙ
428 712 526 745 sent.
560 707 669 745 Pauli
702 706 758 746 tit.
792 719 838 745 ex
870 712 1000 759 empto
1032 712 1071 745 et
1102 706 1281 746 uendito:

306 763 520 802 lleredibus
553 763 739 802 debitoris
771 764 961 803 aduersus
986 763 1231 811 creditorem,
1264 763 1331 815 qui
1361 763 1523 815 pignora
1555 763 1618 802 uel

189 819 350 859 fiducias
390 820 579 866 distraxit,
620 820 723 859 nulla
760 820 860 859 actio
897 820 1023 868 datur,
1063 820 1139 859 nisi
1170 833 1190 859 a
1223 826 1407 860 testatore
1438 820 1618 859 inchoata

188 876 234 915 ad
267 889 333 916 eos
367 876 597 915 transmissa
629 877 689 915 sit.

90 931 127 974 6»
153 943 170 968 9
250 932 332 972 Lib.
364 933 415 972 ΙΙΙ
446 933 552 972 Paul.
586 939 684 972 sent.
718 933 776 972 tit.
809 933 854 972 de
885 933 1039 984 legatis:

304 990 398 1028 Post
429 990 530 1028 diem
562 990 675 1040 legati
707 990 909 1028 cedentem
941 989 1053 1036 actio,
1092 1002 1191 1040 quae
1222 989 1402 1029 inchoata
1433 1002 1512 1029 non
1544 996 1616 1035 est,

187 1046 235 1085 ad
268 1046 450 1085 heredem
482 1058 559 1084 non
590 1045 885 1085 transmittitur.

76 1095 113 1138 6,
132 1107 166 1131 10
247 1103 343 1142 Item
377 1102 542 1153 qualiter
573 1102 729 1141 donatio
761 1101 844 1140 fieri
872 1101 1026 1140 debeat:
1060 1114 1106 1140 ex
1128 1114 1290 1153 corpore
1313 1102 1617 1153 Hermogeniani

361 1159 419 1197 tit.
453 1158 499 1196 de
531 1158 662 1197 donat.
694 1158 796 1197 inter
827 1157 901 1196 uir.
934 1164 972 1196 et
1003 1170 1134 1196 uxor.:

302 1216 427 1266 Impp.
450 1214 710 1253 Diocletianus
741 1220 780 1253 et
801 1213 1057 1253 Maximianus
1078 1214 1155 1253 AA.
1180 1213 1369 1266 Septimio
1393 1214 1617 1254 Sabiniano.

187 1273 286 1312 Cum
334 1273 381 1311 de
426 1270 539 1311 bonis
586 1270 663 1310 tuis
701 1276 852 1323 partem
890 1270 1047 1322 quidem
1087 1271 1242 1310 tertiam
1281 1284 1400 1323 penes
1443 1278 1481 1311 te
1521 1272 1617 1311 reti-

187 1329 335 1376 nuisse,
377 1335 526 1380 partem
564 1340 658 1367 uero
697 1327 850 1367 tertiam
888 1328 928 1366 in
965 1340 1068 1375 eum,
1116 1340 1233 1379 quem
1272 1334 1314 1367 tu
1351 1328 1391 1366 in
1427 1334 1620 1380 potestate

189 1386 369 1431 habebas,
402 1398 446 1424 ac
477 1385 631 1424 tertiam
665 1384 704 1423 in
737 1384 1026 1436 emancipatum
1065 1384 1286 1424 donationis
1325 1385 1438 1424 titulo
1478 1391 1619 1425 contu-

187 1443 279 1482 lisse
311 1454 611 1488 commemores,
644 1453 721 1480 non
753 1448 813 1480 est
842 1441 939 1480 iuris
970 1441 1123 1488 incerti,
1153 1441 1193 1480 in
1226 1454 1315 1480 eum
1348 1442 1520 1492 quidem,
1552 1442 1619 1493 qui

187 1499 227 1538 in
261 1498 381 1538 sacris
414 1497 582 1537 familiae
614 1504 703 1537 tuae
734 1503 923 1545 remanet,
957 1497 1256 1537 destinationem
1291 1499 1413 1550 magis
1435 1504 1618 1550 paternae

188 1555 406 1596 uoluntatis
443 1557 605 1602 factam,
653 1567 770 1606 quam
803 1560 1033 1606 perpetuam
1075 1555 1324 1594 donationem
1373 1555 1618 1607 peruenisse:

187 1625 261 1652 nec
293 1612 334 1651 in
366 1612 655 1664 emancipatum
690 1612 931 1659 translatam,
969 1611 1002 1651 si
1033 1611 1264 1663 generaliter
1303 1611 1428 1651 eidem
1470 1617 1618 1664 partem

188 1669 344 1709 tertiam
377 1669 573 1708 bonorum
606 1668 772 1716 donasti,
804 1667 894 1719 quia
925 1669 1156 1719 generaliter
1183 1668 1374 1708 bonorum
1397 1670 1618 1720 portionem

186 1726 326 1765 donari
356 1738 434 1765 non
466 1739 597 1777 posse,
631 1738 720 1764 cum
754 1725 927 1776 singulae
967 1738 1030 1764 res
1068 1724 1262 1764 nominari
1301 1725 1483 1774 debeant,
1523 1738 1620 1776 quae

186 1783 399 1822 donatione
431 1783 717 1834 mancipatione
749 1783 811 1822 uel
841 1782 881 1821 in
915 1783 1000 1822 iure
1037 1782 1212 1822 cessione
1251 1785 1544 1823 transferuntur
1582 1789 1620 1823 et

187 1840 349 1891 reliqua.
410 1840 495 1879 Dat.
527 1839 626 1891 prid.
659 1839 731 1879 kal.
766 1839 853 1879 Mai.
887 1839 1071 1879 Heraclea
1102 1839 1197 1892 ipsis
1229 1840 1306 1878 AA.
1339 1852 1467 1879 conss.

280 1943 307 1963 c.
334 1932 366 1972 6,
392 1932 411 1963 6
431 1930 592 1963 Ξ-Ρααί,
622 1932 651 1972 1,
682 1932 762 1973 13b,
790 1933 819 1964 7.

301 2001 308 2008 .
338 1978 369 2018 G,
395 1978 412 2007 7
432 1976 592 2009 =Paul.
620 1977 650 2018 1,
678 1977 759 2018 13b,
786 1978 816 2010 1.

301 2046 307 2053 .
334 2023 365 2061 6,
392 2022 411 2054 8
429 2038 473 2048 =
491 2022 588 2055 Paul.
615 2023 646 2064 2,
675 2024 726 2064 17,
753 2023 804 2055 15.

300 2091 306 2098 .
334 2067 366 2107 6,
393 2067 412 2098 9
429 2080 472 2094 =
492 2067 588 2100 Paul.
615 2069 647 2108 3,
672 2068 703 2107 6,
731 2068 762 2100 3.

299 2137 305 2144 .
333 2112 362 2155 6,
392 2114 431 2145 10
450 2128 494 2139 ==
514 2112 591 2145 Cod.
618 2112 706 2145 Just.
734 2113 765 2154 8,
791 2114 846 2154 53,
875 2113 926 2146 11.

185 2185 296 2192 msc
300 2185 813 2193 -lx⁷*⁷-⁷-<Vr-Vm·‹‘u·7WM2NW.m*NsJ-m

282 2225 296 2256 1
326 2225 625 2257 sententiarum..
644 2248 652 2256 .
679 2225 859 2266 eodemque
885 2224 958 2257 Cui.
988 2225 1084 2265 1577,
1118 2228 1152 2257 et
1178 2223 1252 2256 Cui.
1281 2223 1377 2256 1586.
1420 2222 1430 2265 Η
1473 2223 1492 2254 5
1519 2222 1618 2262 idem]

187 2269 269 2301 item
287 2269 450 2301 Huschke.
485 2269 496 2313 ss
529 2271 546 2301 7
574 2270 714 2311 reliquit
730 2270 828 2302 Paul.
859 2268 869 2313 ΙΙ
902 2270 942 2302 19
969 2272 1033 2310 aa.]
1059 2280 1109 2302 aa.
1136 2274 1171 2302 et
1194 2280 1241 2301 cc.
1265 2269 1341 2302 Cod.
1372 2268 1382 2311 ΙΙ
1413 2269 1455 2300 20
1481 2268 1618 2300 tertiam

186 2325 252 2346 om.
281 2314 356 2347 Cod.
383 2315 470 2347 Iust.
514 2313 527 2356 H
566 2316 606 2347 21
634 2315 769 2347 tertiam
795 2325 861 2348 om.
890 2315 965 2348 Cod.
993 2316 1077 2348 lust.
1121 2314 1131 2358 ΙΙ
1172 2320 1209 2346 tu
1235 2325 1299 2347 om.
1329 2313 1400 2346 Cui.
1425 2314 1511 2347 1566
1540 2312 1616 2345 Cod.

185 2359 273 2392 lust.
317 2359 327 2402 ΙΙ
371 2361 411 2392 22
446 2362 548 2393 habes
582 2359 657 2392 Cod.
683 2360 767 2393 Iust-
813 2359 823 2403 ΙΙ
865 2371 903 2393 ac
937 2367 960 2394 t.
988 2362 1021 2393 in
1049 2371 1110 2393 em.
1139 2359 1215 2392 Cod.
1242 2359 1330 2392 Just.
1371 2359 1382 2402 ll
1424 2359 1466 2391 23
1493 2359 1618 2390 incerti

188 2405 276 2437 iuris
304 2405 494 2438 Com-Just.
537 2405 549 2449 ᾖ
591 2406 723 2448 quidem
754 2415 819 2438 om.
847 2405 923 2439 Cod.
948 2406 1032 2439 Just.
1075 2404 1087 2449 Ι]
1128 2406 1170 2438 25
1200 2407 1406 2447 perpetuam]
1433 2403 1618 2447 perfectam

185 2449 267 2482 Cod.
293 2451 380 2484 Iust.
422 2451 432 2494 ΙΙ
475 2452 517 2484 26
544 2462 603 2484 nec
636 2462 720 2493 seqq.
747 2461 811 2483 om.
842 2451 917 2483 Cod.
943 2452 1029 2484 Just.
1073 2450 1084 2494 ΙΙ
1126 2452 1234 2484 eidem
1261 2455 1390 2493 partem
1419 2450 1488 2482 Cui.
1521 2448 1618 2481 1566.

191 2495 287 2535 1586,
315 2497 402 2529 idem
429 2502 526 2540 pater
555 2497 626 2530 Cat.
656 2498 751 2530 1577.
792 2498 807 2539 ΙΙ
846 2498 889 2530 28
915 2497 1035 2529 donari
1062 2508 1126 2529 non
1153 2506 1250 2539 posse
1282 2495 1353 2528 Cui.
1376 2496 1472 2534 1586,
1499 2495 1618 2526 donari

188 2552 253 2574 non
286 2547 402 2583 potest
436 2542 506 2575 Cui.
536 2544 633 2583 1566,
658 2542 791 2584 {donare
824 2553 889 2574 non
915 2553 1032 2585 posses
1061 2541 1133 2574 Cui.
1163 2541 1266 2573 1577:
1298 2543 1452 2584 sortasse
1484 2544 1619 2573 constat

185 2587 297 2630 suppl.
341 2588 352 2631 ΙΙ
395 2588 436 2620 29
470 2589 717 2630 mancipatione
748 2588 820 2621 Cui.
854 2588 952 2626 1566,
987 2588 1252 2630 emancipatione
1286 2587 1358 2619 Cat.
1388 2587 1485 2619 1577.
1521 2587 1616 2629 1586.

186 2631 200 2674 ss
242 2634 285 2665 30
311 2635 390 2674 dat]
418 2645 444 2666 s.
474 2635 550 2667 Cod.
580 2634 663 2667 lust.
705 2633 716 2676 ss
758 2635 848 2666 maii.
878 2634 951 2666 Cui.
982 2634 1076 2667 1577.

278 1988 297 2144 0000

945 2186 1073 2192 mma-sm»
1076 2185 1196 2192 „ms—»Vm
1199 2185 1229 2192 vc
1232 2186 1245 2192 κ
1248 2185 1304 2192 ’,ην
1307 2185 1376 2193 mm
1379 2185 1409 2192 v.
1412 2185 1442 2192 ux
1445 2185 1507 2192 κω
1510 2185 1613 2192 »κκννμι

1336 2689 1402 2724 14*

1647 711 1691 746 10

1648 995 1688 1029 15

1645 1278 1689 1313 20

1648 1563 1691 1598 25

1647 1787 1690 1821 29

1639 1860 1662 1877 a..
1684 1853 1735 1878 293
