1828 3011
714 132 1156 173 *268—

337 247 450 294 Quod
480 249 526 287 ad
557 255 720 287 aetatem
743 251 980 289 scholiorum
1003 250 1151 296 attinet,
1185 262 1227 287 ea
1249 249 1351 288 inter
1372 263 1517 290 annum
1542 251 1636 298 439,

223 309 428 354 postquam
451 304 742 344 Theodosianus
765 306 890 345 Codex
923 307 1002 345 uim
1034 307 1126 356 legis
1157 305 1324 344 obtinuit
1353 307 1511 358 (citatur
1532 308 1637 346 enim

224 361 262 397 in
295 360 374 407 §2
407 360 449 410 3)
480 367 518 400 et
557 374 702 400 annum
737 362 830 407 533,
869 376 945 413 quo
977 362 1127 413 leiani
1166 374 1263 413 opus
1300 369 1339 401 et
1375 363 1414 401 in
1453 364 1524 402 fori
1562 377 1637 403 usu

224 423 262 454 et
304 417 344 454 in
391 417 484 455 iuris
531 418 670 456 scholis
716 418 881 469 Digestis
922 418 1146 457 Iustinianis
1192 417 1318 460 cessit,
1365 419 1508 471 scripta
1554 433 1637 459 esse

222 479 398 523 apparet3
440 485 566 524 neque
603 474 910 524 improbabiliter
942 475 1122 513 Huschke
1163 474 1327 514 coniecit
1366 488 1408 514 ea
1445 477 1636 516 anteriora

222 542 307 567 esse
338 530 614 568 constitutione
647 531 737 568 Cod.
772 532 863 569 lust.
898 532 934 576 5,
960 532 995 577 1,
1020 533 1042 570 5
1074 543 1175 569 anno
1207 530 1287 569 472
1318 531 1405 578 lata,
1437 545 1511 582 qua
1542 545 1636 571 con-

222 585 374 623 stitutio
407 587 444 623 in
477 586 545 633 §2
578 587 690 624 citata
724 586 879 626 uidetur
910 587 1049 626 abolita
1081 600 1177 626 esse.

334 641 458 680 Editio
504 655 588 680 mea
634 655 677 680 eo
722 644 1028 693 fragmentorum
1076 643 1295 694 apographo
1336 643 1485 690 nititur,
1531 645 1635 694 quod

220 704 308 748 post
353 699 482 736 minus
520 705 738 737 accuratam
780 699 995 738 Zachariaei
1032 700 1239 738 editionem
1277 699 1358 750 ipse
1396 700 1478 738 loco
1518 713 1634 752 supra

218 754 371 792 laudato
418 754 609 792 edendum
656 756 800 793 curaui.
861 769 880 794 a
926 769 1002 806 quo
1042 757 1275 806 ubicumque
1312 756 1424 795 lectio
1461 757 1500 795 in
1538 769 1635 795 con-

219 815 367 848 textum
399 817 551 861 recepta
583 812 753 857 recessit,
786 813 995 863 apographi
1026 812 1138 851 lectio
1170 813 1208 851 in
1234 812 1481 852 adnotatione
1502 813 1632 852 addita

218 866 344 904 littera
377 865 407 904 C
434 873 584 905 enotata
624 874 695 912 est,
736 874 779 907 ut
815 876 943 907 tamen
983 869 1085 908 notis
1123 869 1218 908 iuris
1256 869 1471 920 ceterisque
1508 869 1632 921 serip-

220 929 327 960 turae
365 924 618 974 compendiis,
663 925 804 975 quibus
844 925 1024 964 librarius
1066 932 1142 964 tam
1182 926 1221 964 in
1261 925 1408 965 Latinis
1448 938 1564 977 quam
1595 926 1635 965 in

219 978 373 1017 Graecis
421 992 513 1018 usus
560 987 629 1026 est,
675 981 799 1031 quoad
845 982 927 1020 fieri
971 983 1110 1033 potuit,
1157 982 1268 1033 plena
1312 982 1502 1034 scriptura
1539 982 1635 1021 sub—

218 1035 458 1074 stitueretur.
519 1036 561 1074 In
603 1044 786 1076 contextu
824 1038 1063 1077 restituendo
1100 1039 1179 1077 fere
1211 1039 1381 1089 egregias
1414 1038 1634 1078 Zachariaei

218 1092 461 1131 coniecturas
494 1100 651 1132 secutus
684 1106 784 1132 sum.

355 1177 746 1230 C=apographum
796 1179 1106 1230 fragmentorum
1155 1179 1300 1218 editum
1347 1180 1387 1218 in
1430 1180 1634 1220 annalibus

478 1235 700 1274 Zeitschrift
731 1236 799 1274 der
830 1236 1194 1287 Savigny-Stiftung
1218 1236 1260 1275 R.
1283 1237 1326 1275 A.
1349 1236 1396 1275 IV
1426 1250 1464 1288 p.
1488 1238 1510 1276 5
1544 1250 1633 1288 sqq.
