1828 3011
206 149 398 176 comneno
424 140 477 184 10,
498 150 574 177 7—9.
683 165 799 169 ——
864 143 945 182 172
1007 167 1123 170 —

205 259 418 311 depositam
465 261 565 312 apud
609 260 727 299 alium
774 259 1006 310 deposuerit,
1055 264 1130 297 tam
1166 259 1247 310 ipse
1278 259 1460 298 directam
1495 271 1611 310 quam

205 316 236 354 is
282 316 349 367 qui
393 318 493 367 apud
540 330 628 356 eum
675 316 853 368 deposuit
883 315 1017 353 utilem
1056 315 1247 354 actionem
1279 315 1442 367 depositi
1472 316 1612 354 habere

66 379 379 425 10‚7,9possunt.
422 373 454 411 si
484 374 686 425 pecuniam
718 374 931 423 deposuero
963 384 1124 422 eamque
1146 371 1213 410 tibi
1230 372 1454 423 permisero,
1478 378 1613 410 mutua

206 430 325 479 magis
375 430 531 469 uidetur
579 442 694 481 quam
741 428 913 479 deposita
951 440 995 466 ac
1025 440 1094 479 per
1124 428 1197 466 hoc
1226 429 1395 479 periculo
1428 436 1494 467 tuo
1525 428 1611 466 erit.

149 506 184 530 10
204 487 236 525 si
268 499 348 525 rem
381 487 481 538 apud
512 493 548 524 te
580 485 791 537 depositam
823 483 1043 522 uendideris
1076 497 1238 535 eamque
1270 484 1492 531 redemeris,
1523 489 1611 536 post
1637 491 1658 524 5

204 543 429 595 perdideris,
471 543 590 581 semel
634 541 803 580 admisso
845 541 931 579 dolo
961 545 1146 592 perpetua
1178 540 1340 592 depositi
1371 541 1519 579 actione
1551 547 1609 579 te-

150 619 183 642 11
203 599 369 638 neberis.
443 612 489 637 ex
529 611 642 637 causa
674 597 836 649 depositi
867 597 948 646 lege
979 597 1182 636 duodecim
1216 597 1434 636 tabularum
1464 597 1503 636 in
1536 598 1609 636 du—

204 657 309 708 plum
343 655 440 694 actio
473 656 598 701 datur,
631 654 755 693 edicto
786 653 974 705 praetoris
1005 653 1043 692 in
1077 653 1273 705 simplum.

65 722 117 762 10,
132 733 186 762 g‚1
260 724 514 751 cunoomAst
545 712 643 750 libro
675 711 744 749 IIlI
776 710 848 749 sub
879 710 991 749 titulo
1021 711 1066 748 de
1099 710 1291 761 deposito:

315 769 412 820 Imp.
457 768 671 806 Alexander
714 769 756 805 A.
803 767 961 805 Mestrio
1007 766 1132 805 militi.
1206 767 1370 805 Incursu
1414 765 1609 806 latronum
1641 773 1683 807 10

203 831 429 864 ornamenta
461 824 633 876 deposita
664 824 765 875 apud
794 823 1042 862 interfectum
1074 823 1121 862 ab
1158 822 1212 862 eis
1243 823 1461 874 perierunt:
1492 821 1612 860 detri-

203 888 379 920 mentum
425 882 470 920 ad
517 882 678 920 heredes
723 881 805 919 eius
844 879 909 930 qui
941 880 1160 931 depositum
1192 879 1349 931 accepit,
1382 877 1449 930 qui
1479 878 1612 917 dolum

203 944 354 977 tantum
401 944 596 989 praestare
640 936 785 984 debuit,
831 949 908 975 non
955 936 1134 987 pertinet.
1201 936 1303 987 quod
1336 935 1368 974 si
1408 941 1611 986 praetextu

203 994 395 1033 latrocinii
426 994 625 1033 commissi
655 1006 729 1039 res,
776 1006 872 1044 quae
918 993 957 1031 in
989 998 1179 1044 potestate
1210 991 1363 1031 heredis
1396 998 1500 1035 sunt,
1533 1003 1610 1029 non

204 1051 478 1097 restituuntur,
528 1058 605 1090 tam
653 1050 817 1102 depositi
847 1062 963 1100 quam
998 1050 1076 1100 [ad]
1110 1049 1370 1088 exhibendum
1401 1048 1512 1091 actio,
1544 1047 1611 1086 sed
1641 1055 1683 1089 15

76 1127 103 1145 a.
122 1121 182 1145 234.
203 1114 242 1147 et
278 1107 318 1146 in
354 1120 435 1146 rem
480 1107 686 1146 uindicatio
726 1106 909 1158 conpetit.
969 1106 1084 1157 Prop.
1124 1106 1189 1145 VII
1227 1105 1301 1144 kal.
1342 1104 1411 1144 Iul.
1445 1104 1610 1143 Maximo

201 1165 260 1204 bis
293 1170 330 1203 et
362 1165 515 1203 Vrbano
547 1176 674 1203 conss.

62 1224 115 1265 10,
131 1237 156 1266 9,
171 1238 185 1261 ι
255 1233 395 1260 PAVLVS
424 1221 522 1260 libro
543 1232 820 1272 responsorum
843 1219 873 1257 V
895 1219 967 1257 sub
993 1219 1105 1258 titulo
1128 1231 1173 1257 ex
1198 1218 1320 1257 locato
1341 1223 1380 1256 et
1399 1217 1609 1256 conducto:

316 1278 423 1330 ‘Imp.
467 1278 687 1316 Antoninus
732 1276 829 1315 Iulio
875 1275 1098 1327 Agrippino.
1158 1275 1347 1313 Dominus
1377 1274 1609 1312 horreorum

201 1335 428 1387 ‘periculum
462 1335 520 1373 uis
551 1334 708 1373 maioris
740 1333 802 1372 uel
832 1333 1058 1371 effracturae
1088 1332 1282 1370 latronum
1312 1337 1507 1382 praestare
1529 1342 1609 1369 non
1636 1338 1681 1372 20

202 1393 378 1442 ‘eogitun
439 1391 498 1429 his
544 1390 785 1429 cessantibus
823 1389 854 1428 si
891 1388 983 1439 quid
1014 1401 1061 1427 ex
1091 1388 1277 1439 depositis
1308 1387 1424 1426 rebus
1454 1386 1611 1426 inlaesis

290 1494 318 1514 c.
345 1482 363 1514 8
389 1495 430 1509 =
460 1481 534 1514 Cod.
559 1480 640 1512 Just.
668 1481 701 1520 4,
730 1481 784 1520 34,
812 1480 840 1512 1.

290 1539 318 1559 c.
344 1528 363 1559 9
388 1542 432 1552 Ξ
460 1526 534 1559 Cod.
559 1527 643 1558 lust.
668 1526 701 1566 4,
729 1526 783 1566 65,
810 1527 838 1558 1.

827 1605 1141 1614 [22Naessts-smpf.»
1457 1605 1592 1614 ,mm-ts.

1253 1606 1327 1613 ‘m

292 1657 307 1688 1
335 1657 498 1699 direptam
530 1655 617 1688 libri.
660 1654 670 1697 Η
711 1655 730 1687 2
756 1655 885 1694 utilem]
918 1660 954 1687 ut
979 1654 1039 1686 ille
1066 1653 1126 1696 Vl]
1146 1655 1164 1686 3
1191 1664 1347 1696 eamquae
1372 1658 1396 1685 t.
1423 1653 1610 1695 promisero

201 1701 293 1742 VW,
319 1712 390 1734 eam
415 1703 562 1743 hancque
588 1703 696 1743 (quem
722 1701 784 1740 Ba)
810 1701 874 1733 tibi
899 1701 1113 1732 commissero
1138 1699 1181 1731 B:
1208 1710 1311 1742 eaque
1336 1699 1384 1731 uti
1407 1699 1472 1730 tibi
1489 1699 1612 1740 permi-

199 1757 275 1779 sero
302 1747 420 1779 Blame
450 1747 582 1779 collatis
605 1748 686 1779 locis
711 1746 788 1788 mg.
819 1747 868 1787 12,
897 1747 924 1784 1,
952 1747 984 1786 9,
1008 1747 1038 1777 9.
1065 1745 1086 1777 l.
1116 1746 1166 1777 10.
1209 1743 1219 1787 Η
1260 1750 1406 1776 mutuam
1424 1743 1512 1776 BW.
1546 1742 1557 1786 Η
1591 1745 1612 1776 4

199 1793 385 1835 depositam
403 1792 439 1824 B.
460 1792 470 1835 Η
491 1794 508 1824 5
526 1793 678 1835 deposita
696 1792 731 1823 B.
753 1792 762 1835 Η
782 1792 964 1824 redemeris
979 1793 1065 1832 post]
1085 1792 1221 1834 scripsi,
1245 1790 1423 1822 redimeris
1439 1794 1612 1831 postquam

198 1838 236 1878 B,
253 1839 430 1870 redimeris
445 1848 579 1880 eamque
594 1841 679 1875 (eam
691 1836 756 1877 W)
773 1842 941 1879 postquam
957 1835 1050 1875 VW,
1064 1840 1234 1878 postquam
1248 1835 1432 1867 redemeris
1447 1834 1610 1877 Jsrueger.

198 1883 209 1925 Η
244 1885 262 1916 6
288 1884 390 1915 semel
415 1884 538 1915 amisso
556 1883 631 1924 BV,
660 1893 695 1915 se
721 1883 807 1914 mala
839 1883 940 1914 misso
961 1880 1016 1914 W.
1051 1881 1061 1924 Η
1091 1886 1283 1923 perpetuam
1303 1880 1339 1920 B,
1370 1884 1531 1923 perpetuo
1552 1878 1611 1912 W.

199 1929 210 1971 Η
244 1930 377 1961 actione
395 1929 498 1965 (-nem
515 1928 598 1968 BV)
622 1928 793 1960 teneberis
811 1927 956 1966 (tenebis
984 1926 1039 1967 V)
1058 1937 1097 1958 ex
1117 1927 1167 1965 (et
1183 1927 1224 1967 B)
1243 1939 1270 1958 c.
1290 1927 1319 1958 d.
1337 1927 1410 1966 lege
1427 1927 1551 1967 (legem
1568 1925 1611 1966 B)

199 1976 228 2006 d.
248 1979 271 2006 t.
290 1974 322 2005 in
343 1974 371 2006 d.
390 1976 477 2005 actio
495 1984 558 2005 om.
579 1972 636 2006 W.
657 1973 666 2015 Η
687 1973 705 2005 8
725 1974 868 2005 edictum
887 1973 923 2004 B.
947 1972 957 2015 Η
975 1972 994 2003 9
1013 1972 1233 2012 gregorianus
1253 1971 1340 2003 libro
1359 1972 1413 2003 iiii
1431 1971 1491 2002 sub
1510 1972 1609 2003 titulo

198 2020 236 2052 de
263 2021 342 2058 (om.
360 2019 444 2059 ind.)
463 2019 614 2061 deposito
632 2019 672 2059 B,
687 2019 771 2050 idem
790 2017 880 2051 VW.
901 2017 911 2060 Η
935 2020 972 2050 10
991 2018 1067 2060 imp.
1087 2018 1130 2048 al.
1148 2027 1177 2049 a.
1196 2017 1333 2049 mestrio
1352 2017 1522 2055 (missorio
1542 2015 1610 2056 W)

197 2065 301 2097 militi
328 2065 407 2103 (om.
433 2064 535 2104 last.)
554 2063 637 2096 BW
658 2065 752 2104 lust„
779 2074 843 2095 om.
863 2064 903 2096 V.
923 2062 933 2106 Η
953 2063 1103 2102 incursu]
1128 2063 1263 2094 incurso
1285 2061 1326 2102 V,
1350 2063 1476 2094 incisso
1496 2060 1554 2102 JV,
1580 2062 1609 2094 si

198 2111 337 2142 incursu
361 2110 445 2142 Just.
479 2108 488 2151 Η
524 2110 703 2149 latronum]
729 2109 751 2140 l.
778 2109 833 2140 uel
858 2109 926 2140 alio
952 2108 1093 2140 fortuito
1121 2118 1199 2140 casu
1224 2108 1310 2140 Just.
1346 2106 1356 2150 Η
1392 2108 1427 2139 11
1458 2108 1607 2149 exposita

200 2153 294 2188 VW.
335 2154 346 2198 Η
386 2155 474 2186 inter
503 2154 686 2197 prefectum
711 2155 749 2187 B.
792 2154 802 2197 Η
835 2155 875 2186 31)
907 2155 956 2186 eis
983 2164 1046 2186 om.
1071 2154 1151 2186 lust.
1195 2152 1205 2196 Η
1247 2153 1413 2195 perierint
1431 2151 1472 2184 V.
1515 2151 1524 2195 Η
1569 2152 1608 2184 12

197 2201 353 2232 heredem
377 2199 462 2232 last.
516 2199 526 2242 Η
578 2199 687 2231 dolum
712 2202 852 2238 tantum]
879 2200 989 2231 dolum
1015 2199 1122 2230 solum
1148 2203 1182 2230 et
1206 2199 1307 2230 latam
1333 2198 1462 2239 culpam
1486 2198 1517 2229 si
1543 2208 1606 2229 non

197 2246 287 2277 aliud
315 2245 510 2287 specialiter
535 2246 693 2277 conuenit
708 2245 794 2276 lust.
835 2243 845 2286 Η
890 2245 928 2276 13
956 2245 1079 2276 debunt
1103 2246 1180 2284 (sie)
1204 2243 1242 2275 B.
1276 2241 1286 2285 Η
1320 2244 1476 2286 pertinet]
1502 2243 1611 2285 potuit

200 2289 256 2323 W.
300 2289 310 2333 Η
345 2292 535 2333 praetextu]
561 2290 657 2331 lust„
687 2300 727 2322 ex
755 2294 908 2332 pretexto
934 2289 1024 2322 libri.
1065 2288 1075 2331 Η
1122 2290 1161 2321 14
1186 2289 1363 2327 commissi]
1390 2299 1417 2319 c.
1443 2288 1499 2318 uel
1524 2289 1609 2320 alte-

198 2337 269 2368 rius
301 2336 435 2367 fortuiti
466 2346 564 2367 casus
593 2335 679 2367 Just.
722 2335 732 2378 Η
772 2345 866 2377 quem
892 2334 983 2368 VW.
1030 2334 1040 2377 Η
1084 2339 1282 2376 potestatem
1308 2331 1400 2366 VW.
1442 2333 1453 2375 Η
1493 2333 1610 2366 heredi

197 2381 271 2413 BV.
325 2379 335 2423 Η
376 2384 466 2420 suut]
491 2391 517 2412 s.
544 2381 597 2412 uel
625 2392 705 2423 quas
731 2381 807 2412 dolo
833 2381 936 2412 desiit
965 2380 1138 2422 possidere
1163 2379 1249 2411 Just.
1291 2378 1301 2422 Η
1337 2380 1375 2411 15
1401 2378 1608 2411 restituntur

198 2426 236 2458 B.
261 2424 270 2467 Η
295 2427 347 2465 ad]
371 2427 468 2468 lust„
493 2436 556 2458 om.
573 2427 661 2458 libri.
704 2425 714 2469 Η
755 2426 918 2458 exibendo
936 2426 995 2458 Ba.
1027 2424 1037 2467 Η
1071 2425 1110 2457 16
1136 2426 1181 2464 et]
1207 2425 1308 2456 etiam
1326 2426 1421 2463 last„
1447 2433 1510 2455 om.
1530 2424 1567 2457 B.
1594 2424 1604 2468 Η

198 2475 290 2513 prffp.
316 2472 362 2502 uii
380 2473 416 2510 (d
432 2473 494 2503 ins.
513 2471 554 2512 B)
580 2472 624 2503 kl.
650 2471 710 2504 iul.
737 2472 935 2503 maximiano
964 2472 1013 2504 bis
1039 2475 1073 2502 et
1090 2470 1215 2501 urbano
1234 2475 1270 2501 13—13
1288 2469 1326 2508 B,
1351 2479 1414 2500 om.
1437 2467 1528 2509 VW,
1555 2481 1607 2512 pp.

198 2516 253 2547 iiii
272 2517 314 2547 id.
334 2517 392 2548 iul.
411 2517 553 2548 maximo
580 2521 613 2549 et
637 2517 762 2548 urbano
789 2527 877 2548 cous.
902 2517 986 2549 Just.
1021 2516 1031 2559 Η
1062 2511 1106 2549 '18
1133 2515 1248 2558 paulus
1274 2514 1332 2546 lib.
1359 2514 1462 2553 (liber
1478 2515 1521 2554 B)
1553 2526 1608 2548 re-

196 2571 393 2602 sponsorum
418 2574 440 2593 u
464 2563 524 2594 sub
547 2562 647 2594 titulo
666 2560 754 2603 BW,
780 2572 844 2594 om.
865 2562 906 2594 V.
927 2562 937 2604 Η
960 2563 998 2595 19
1021 2561 1212 2599 antoninus]
1235 2559 1414 2591 antoninus
1431 2569 1460 2590 a.
1477 2560 1559 2592 Iust.
1595 2560 1607 2603 Η

197 2606 350 2647 agripino
369 2607 441 2640 BV.
483 2606 493 2649 Η
535 2607 578 2639 20
604 2608 668 2646 uis]
694 2607 746 2639 sui
771 2607 856 2640 libri.
897 2607 907 2650 Η
941 2608 1141 2640 efferacture
1157 2606 1220 2644 Va,
1245 2604 1454 2636 effracturam
1471 2604 1552 2638 Just.
1595 2607 1606 2648 Η

199 2654 384 2692 praestare]
410 2653 609 2685 conductori
633 2663 683 2696 pr.
708 2652 791 2685 last.
826 2651 837 2695 Η
872 2654 911 2685 21
939 2654 969 2685 si
992 2653 1065 2695 quis
1085 2649 1175 2684 VW.
1212 2648 1222 2692 Η
1257 2660 1294 2682 ex
1319 2649 1494 2692 depositis]
1511 2651 1607 2691 lust„

199 2697 363 2737 expositis
389 2697 475 2730 libri.

1820 1823 1825 2288 —————---————-—-——
1820 1648 1828 1816 —1—-w
1821 1118 1828 1642 ,—--....-—,„-„⁴,———,.-,-—,4.
