1823 3016
667 154 784 158 -ἓ
847 131 929 170 207
994 154 1111 157 ᾑ-
1211 131 1606 174 CONSVLT.3‚11—-4‚5.

184 260 265 287 rem
303 253 423 286 ratam
464 248 665 287 dominum
700 248 924 287 habiturum
957 247 1250 286 euidentissima
1290 249 1501 299 sponsione
1540 252 1607 288 tir-

185 302 331 344 marit?
384 306 567 343 Attentus
599 305 700 351 audi,
733 305 825 356 quid
857 304 1030 355 loquitur
1059 305 1120 342 lex
1152 305 1286 342 subter
1317 305 1480 344 adiecta:
1514 311 1607 344 tunc

184 361 382 410 intelleges
424 362 559 400 cadere
596 362 747 408 iudicia,
794 374 891 412 quae
930 361 1013 400 sine
1051 361 1317 412 procuratoris
1356 362 1607 401 satisdatione

183 417 330 457 fuerint
362 418 523 457 omnino
554 419 714 469 prolata.

78 477 167 522 3,12
243 474 296 512 Ex
330 487 434 526 corp,
467 475 726 513 Theodosiani
755 474 820 514 lib.
853 475 906 512 ll:
1658 479 1678 513 5

297 531 421 583 Impp.
445 531 735 570 Valentinianus
764 538 802 570 et
822 531 961 569 Valens
983 531 1059 569 AA.
1112 530 1329 570 Commune
1346 531 1546 582 negotium
1571 538 1608 570 et

184 587 416 639 quibusdam
450 588 676 627 absentibus
699 588 758 638 agi
789 593 927 639 potest,
961 587 992 626 si
1023 594 1248 639 praesentes
1279 600 1361 627 rem
1391 594 1512 627 ratam
1538 588 1609 626 do-

185 645 337 683 minum
360 645 586 683 habiturum
610 657 746 683 cauere
769 645 847 683 sint
868 643 1002 695 parati,
1028 644 1089 683 uel
1110 644 1155 688 si,
1178 645 1280 695 quod
1303 645 1350 684 ab
1372 645 1431 684 his
1449 645 1609 696 petitur,

183 701 395 740 iudicatum
420 701 519 740 solui
543 701 792 740 satisdatione
815 701 1070 740 firmauerint.
1103 700 1177 739 PP.
1199 702 1243 740 vl
1264 702 1315 740 id.
1339 701 1493 741 Decem.
1517 702 1608 740 diuo
1661 700 1680 732 9

186 758 344 797 louiano
375 765 413 797 et
442 758 682 797 Varroniano
709 770 843 797 conss.
1626 776 1651 793 a.
1672 769 1724 795 364

72 820 104 864 3,
130 832 166 856 13
242 815 338 853 Item
372 815 508 853 eodem
540 815 638 853 libro
670 821 708 853 et
738 814 870 853 titulo:

299 872 449 923 Imppp.
482 871 688 910 Gratianus
717 870 1009 909 Valentinianus
1040 877 1079 909 et
1109 870 1351 910 Theodosius
1373 872 1481 909 AAA.
1505 870 1609 909 Pan-

185 928 304 966 cratio
346 930 399 979 pf.
437 941 471 978 p.
534 928 577 966 In
615 927 804 978 principio
836 927 1074 978 quaestionis
1106 940 1272 978 persona
1304 928 1450 978 inquiri
1482 927 1608 974 debet,

184 989 317 1023 utrum
348 985 394 1023 ad
416 984 607 1034 agendum
641 984 839 1034 negotium
875 983 1056 1022 mandato
1089 990 1222 1023 utatur
1243 991 1413 1035 accepto.
1466 984 1609 1035 quibus

184 1041 256 1079 rite
287 1046 325 1078 et
353 1041 594 1079 sollemniter
615 1039 839 1078 constitutis
871 1045 1000 1090 potest
1032 1052 1118 1078 esse
1147 1041 1358 1080 sententia:
1391 1041 1609 1092 praeteritis
1640 1039 1682 1073 15

183 1103 312 1135 autem
338 1097 398 1135 his
420 1109 492 1134 nec
514 1096 588 1134 dici
609 1095 899 1134 controuersiae
923 1096 1048 1134 solent
1070 1108 1142 1134 neo
1164 1103 1294 1147 potest
1315 1110 1398 1135 esse
1419 1097 1609 1136 iudicium

184 1159 257 1191 etc.
290 1152 372 1191 Dat.
405 1152 505 1203 prid.
537 1164 629 1190 non.
662 1153 754 1203 Apr.
787 1151 858 1191 CP.
891 1152 1062 1190 Antonio
1095 1158 1133 1190 et
1165 1154 1322 1204 Syagrio
1354 1166 1482 1193 conss.
1629 1170 1652 1187 a·
1674 1163 1725 1187 382

88 1209 121 1251 4,
147 1220 162 1244 1
296 1209 339 1247 ln
371 1209 530 1247 nomine
562 1208 622 1246 dei
654 1208 747 1259 quid
780 1208 936 1247 tractari
963 1214 1030 1247 aut
1051 1208 1252 1248 obseruari
1275 1209 1423 1256 debeat,
1456 1210 1609 1261 quoties

183 1271 293 1316 pacta
329 1265 432 1303 inter
472 1270 602 1316 partes
634 1265 775 1303 emissa
807 1265 964 1311 fuerint,
1011 1264 1044 1303 si
1076 1266 1327 1305 condiciones
1360 1268 1453 1305 tales
1484 1267 1610 1305 inter-

89 1323 123 1363 4,
149 1335 164 1359 2
184 1327 392 1373 ponantur,
425 1334 524 1372 quae
546 1333 618 1360 nec
638 1321 788 1371 legibus
810 1333 882 1360 nec
902 1321 1044 1360 rationi
1066 1323 1321 1362 conueniunt.
1374 1323 1474 1370 Quid
1497 1336 1609 1374 agere
1637 1328 1682 1362 20

183 1384 249 1416 aut
271 1378 422 1416 obicere
444 1378 667 1417 aduersario
690 1378 844 1425 debeas,
866 1378 1100 1417 lectionibus
1124 1379 1259 1418 subter
1280 1380 1439 1419 adnexis
1462 1380 1609 1431 poteris

183 1434 403 1474 euidentius
448 1434 665 1481 informari,
712 1435 802 1486 quia
848 1440 1000 1473 tantum
1048 1436 1091 1474 de
1138 1436 1267 1475 dubiis
1308 1437 1428 1476 rebus
1465 1436 1609 1488 pacisci

183 1503 408 1542 possumus.
469 1491 515 1530 de
553 1491 670 1530 rebus
707 1492 810 1530 enim
854 1491 970 1530 certis
1008 1497 1046 1530 et
1082 1492 1241 1531 incertis
1279 1498 1317 1531 et
1353 1494 1496 1532 futuris
1542 1500 1610 1532 aut

188 1548 234 1586 de
265 1548 430 1586 erimine
461 1547 625 1599 transigi
656 1548 760 1587 nulla
791 1548 948 1599 penitus
979 1548 1129 1588 ratione
1162 1556 1302 1600 potest.

94 1614 126 1655 4,
152 1625 168 1649 3
244 1604 389 1643 Paulus
422 1611 589 1643 sentent.
622 1604 688 1643 lib.
720 1605 735 1642 l
772 1605 830 1644 tit.
869 1605 916 1643 de
947 1611 1046 1656 pact.
1085 1611 1123 1644 et
1169 1606 1498 1645 conuentionibus
1545 1606 1608 1645 uel
1635 1611 1678 1646 25

356 1661 705 1700 transactionibus:

296 1717 461 1756 Functio
493 1718 593 1756 dotis
625 1724 737 1769 paeto
770 1717 914 1756 mutari
945 1730 1024 1756 non
1052 1724 1193 1770 potest,
1226 1719 1314 1770 quia
1336 1719 1489 1770 priuata
1512 1731 1609 1758 con-

183 1774 316 1812 uentio
347 1774 423 1813 iuri
454 1774 609 1825 publico
642 1774 739 1813 nihil
771 1774 941 1825 derogat.

88 1834 121 1873 4,
147 1846 162 1870 4
296 1831 338 1869 In
370 1831 494 1869 bonae
526 1831 614 1869 fidei
646 1831 908 1870 contractibus
939 1837 1096 1882 pactum
1130 1838 1368 1871 conuentum
1401 1832 1474 1871 alio
1496 1837 1609 1884 pacto

181 1887 430 1926 dissoluitur:
478 1894 516 1925 et
560 1888 649 1926 licet
692 1888 960 1939 exceptionem
1007 1888 1143 1940 pariat,
1187 1889 1437 1940 replicatione
1476 1895 1608 1928 tamen
1634 1896 1680 1930 30

184 1943 415 1982 excluditur.
476 1944 612 1982 eodem
635 1944 699 1983 lib.
732 1951 771 1983 et
801 1945 860 1983 tit.

89 1999 121 2042 4,
148 2012 163 2035 5
297 2000 509 2039 Enimuero
552 2001 582 2039 si
621 2001 667 2039 de
706 2013 746 2039 re
785 2000 953 2040 iudicata
993 2001 1120 2052 aliqua
1157 2002 1283 2053 pactio
1322 2003 1609 2054 interponatur,

183 2062 284 2095 stare
315 2056 465 2107 legibus
496 2069 574 2096 non
614 2063 755 2109 potest.
816 2058 863 2096 ad
902 2070 1019 2109 quam
1066 2059 1287 2110 pactionem
1327 2059 1608 2099 excludendam

183 2113 322 2152 harum
355 2114 463 2152 Pauli
496 2114 779 2153 sententiarum
812 2116 986 2166 proferes
1017 2115 1246 2155 lectionem:

274 2222 300 2242 c.
326 2210 356 2250 3,
386 2211 425 2242 12
444 2226 487 2236 =
510 2210 584 2243 Cod.
619 2209 738 2243 Tlieod.
767 2211 797 2251 2,
827 2212 876 2252 12,
905 2212 935 2244 2.

273 2266 300 2287 c.
328 2256 359 2296 3,
389 2257 427 2287 13
449 2271 490 2282 Ξ
510 2256 588 2288 eod.
619 2255 739 2288 leeod.
766 2258 798 2297 2,
826 2257 877 2297 12,
904 2251 943 2289 3.·

273 2312 300 2332 c.
327 2302 358 2342 4,
387 2301 405 2332 3
423 2318 466 2327 =
484 2301 581 2332 Paul.
607 2303 634 2342 1,
655 2302 682 2342 1,
704 2303 740 2334 6:
767 2303 870 2334 uerba
889 2303 928 2334 27
956 2303 1090 2345 priuata
1110 2327 1116 2334 .
1139 2327 1146 2334 .
1166 2328 1173 2335 .
1193 2304 1235 2336 28
1262 2305 1402 2345 derogat
1425 2305 1610 2346 exscripsit

183 2345 245 2378 Iuo
261 2345 359 2378 Beer.
383 2347 434 2387 16,
454 2347 530 2379 20].

273 2402 300 2423 c.
327 2392 360 2432 4,
386 2392 641 2433 4=Pa1[l.1‚
671 2394 699 2433 1,
726 2391 756 2423 2.

368 2464 483 2470 mmsov
486 2464 506 2470 Α
510 2464 581 2471 vaux»
584 2464 655 2471 mss.
658 2465 679 2471 22-
682 2469 687 2471 .
691 2465 695 2466 ν
698 2464 711 2470 «»
714 2465 727 2471 ι
730 2465 745 2471 «-
748 2469 751 2471 .
754 2465 777 2471 ν
780 2465 883 2472 finam.
887 2466 891 2468 -
894 2466 1153 2472 mmwmfm‘v-
1156 2466 1267 2472 JA-ae‘w-Jf
1271 2468 1279 2472 A
1286 2466 1367 2472 ,ιη-Μν-
1370 2466 1431 2472 sss]
1434 2466 1515 2472 A*r*ztx-
1524 2466 1611 2472 nux-A„

274 2506 292 2536 8
318 2506 429 2547 parati
456 2511 533 2537 sunt
563 2505 639 2538 Cod.
673 2504 791 2538 Theod.
835 2506 845 2548 ΙΙ
891 2507 929 2539 10
956 2508 1117 2539 uarronio
1147 2507 1220 2538 Cui.
1250 2508 1347 2538 1577.
1390 2506 1399 2549 Η
1444 2506 1483 2540 12
1511 2507 1609 2549 impp.

186 2549 255 2581 Cui.
284 2551 379 2582 1577.
415 2549 426 2593 ΙΙ
465 2552 502 2584 13
530 2550 573 2593 pf.
600 2553 642 2592 p.]
669 2562 720 2593 pp.
750 2551 819 2583 Cui.
850 2552 945 2592 1577,
971 2563 1023 2594 pu.
1053 2552 1129 2584 Cod.
1160 2551 1278 2584 Theod.
1312 2551 1322 2594 Η
1359 2552 1458 2583 debet
1483 2552 1610 2594 inquiri

185 2599 218 2626 et
248 2599 359 2627 utrum
386 2595 462 2628 Cod.
494 2595 610 2628 Theod.
665 2596 675 2638 Η
731 2597 770 2629 18
798 2597 851 2628 dei
879 2598 1010 2629 nomine
1039 2598 1109 2630 Cui.
1140 2598 1237 2631 1586.
1291 2597 1301 2640 ΙΙ
1356 2598 1397 2628 22
1432 2597 1508 2640 quia
1527 2597 1610 2630 Cui.

187 2639 283 2680 1586,
310 2642 395 2682 quod
422 2641 492 2674 Cui.
516 2642 611 2674 1577.
656 2640 666 2684 ξ]
702 2643 741 2674 de
767 2652 831 2673 om.
854 2642 936 2683 Cui„
961 2642 1093 2675 addidit
1119 2642 1307 2686 Sclmlting.
1342 2642 1353 2685 Η
1388 2642 1429 2674 23
1457 2643 1610 2682 incertis]

183 2685 288 2725 gestis
316 2684 512 2719 Mommsen.
556 2686 565 2729 l}
608 2687 648 2719 32
676 2686 697 2729 ξ
724 2689 754 2718 5.
781 2688 800 2719 6
827 2687 987 2720 uidentur
1011 2687 1221 2722 collocandae
1245 2699 1316 2720 esse
1337 2691 1413 2732 post
1437 2688 1458 2730 ξ
1486 2688 1538 2721 10.

188 2462 220 2469 Ν
