1828 3011
721 132 1165 173 —120—

311 292 409 355 exp—l.
448 303 560 343 titulo
593 305 638 344 de
670 305 843 357 deposito
856 248 1059 351 (1111(161οΒ,
1108 305 1263 357 explicit
1294 307 1339 346 de
1372 307 1558 359 depositis
1597 306 1650 355 W,

313 373 447 468 infigit
478 362 524 456 Xe
555 417 801 456 abactoribus
833 417 900 466 (sic
937 417 992 459 W,
1024 418 1272 458 abbatoribus
1303 418 1334 457 Β
1363 421 1455 467 ind„
1488 421 1650 472 abegea-

367 473 516 512 toribus
547 474 579 512 B
609 481 713 521 text„
745 474 940 539 actoribus
979 474 1020 518 V)
1053 475 1173 514 BWV

309 576 404 637 exffl.
439 587 485 625 (16
521 586 665 636 abigeis
698 529 1054 634 (abactogitbtuslili)
1086 587 1176 633 BW,
1210 599 1280 626 om.
1319 588 1350 626 V

310 642 445 693 incipit
477 646 563 690 (om.
595 643 626 681 Β
660 643 767 690 least.)
800 643 845 680 (16
877 643 1125 682 incendiariis
1157 643 1230 694 (—ri
1261 644 1292 683 B
1322 644 1420 694 ind.)
1451 645 1502 683 xii
1534 645 1653 697 (duo-

366 699 490 737 decim
529 699 569 744 V,
601 711 673 738 om.
712 700 774 749 W)
806 699 929 764 BVtV
963 762 970 765 α

308 811 405 862 expl.
430 811 541 850 titulo
565 815 652 859 (om.
678 811 740 860 W)
764 813 810 851 de
832 755 1077 851 ibiiiae'niiii‘iis
1099 813 1303 863 (incendiis
1325 813 1389 864 W)
1411 813 1504 861 BW,
1528 826 1598 853 om.
1624 814 1657 853 V

305 868 423 918 inclp.
461 868 507 906 de
540 868 718 907 terminia
756 875 860 907 mota
893 874 981 915 (om.
1012 869 1043 907 B
1074 871 1170 922 ind.)
1201 871 1268 909 xiii
1298 870 1342 917 Β,
1375 870 1511 922 incipit
1541 871 1651 921 (item

371 924 415 974 V)
448 925 493 963 de
527 925 692 964 termino
724 932 854 964 amoto
892 926 975 964 WV

870 996 922 1033 cit.
956 994 1011 1033 13

308 1041 407 1101 exp—l.
442 1049 578 1089 titulus
602 1050 647 1089 de
671 993 866 1090 terminea(
881 1057 984 1090 mota
1006 993 1049 1098 Β,
1083 1051 1238 1103 explicit
1260 1052 1306 1091 de
1328 1052 1496 1092 termino
1519 1058 1650 1092 amoto

374 1107 424 1152 W,
457 1119 530 1145 om.
570 1107 599 1145 V

306 1162 422 1214 incip.
455 1163 500 1202 de
521 1163 714 1214 plagiariis
736 1163 816 1202 xiiii
837 1164 882 1209 Β,
914 1163 1052 1215 incipit
1074 1164 1183 1215 (item
1212 1164 1263 1216 V)
1286 1165 1331 1203 de
1353 1165 1546 1217 plagiariis
1574 1165 1657 1204 VW

360 1279 393 1281 ἡ
490 1281 525 1283 —
851 1231 924 1283 (tic.
958 1231 1027 1283 14)

307 1288 403 1338 expl.
438 1287 536 1326 titul.
568 1288 612 1333 Β,
645 1288 799 1340 explicit
831 1289 876 1326 (16
908 1289 1101 1339 plagiariis
1140 1289 1194 1334 W,
1226 1301 1296 1328 om.
1336 1290 1368 1328 V

306 1344 421 1394 incip.
455 1357 505 1382 xu
538 1345 583 1383 de
616 1345 899 1383 mathematicis
932 1351 969 1383 et
1001 1346 1213 1384 manicheis
1245 1346 1287 1391 Β,
1326 1347 1372 1385 (16
1403 1347 1647 1385 mathemati-

363 1401 416 1438 cis
449 1407 486 1439 et
519 1401 730 1440 manicheis
769 1400 806 1444 V,
839 1401 957 1452 inci—p.
991 1402 1037 1440 de
1070 1403 1353 1441 mathematicis
1390 1403 1437 1441 W

850 1469 920 1520 (tic.
953 1468 1025 1520 15)

304 1525 402 1575 expl.
451 1525 587 1564 titulus
636 1526 682 1564 de
728 1525 1013 1564 mathematicis
1061 1526 1243 1565 maleficis
1290 1534 1328 1565 et
1359 1527 1572 1566 manicheis
1602 1527 1651 1575 Β,

362 1581 517 1632 explicit
548 1583 594 1620 de
626 1582 912 1621 mathematicis
950 1583 1002 1629 W,
1035 1595 1106 1621 om.
1146 1584 1178 1621 V

306 1637 422 1689 incip.
461 1638 598 1677 titulus
629 1639 694 1677 xui
726 1639 771 1677 de
808 1639 976 1689 legitima
1010 1640 1256 1678 successione
1289 1640 1336 1685 Β,
1367 1639 1485 1691 inoff).
1518 1640 1563 1679 de
1594 1642 1651 1679 le-

362 1695 514 1745 gitimas
547 1695 717 1734 actiones
756 1694 808 1742 W,
841 1696 934 1734 item
966 1697 1012 1734 de
1044 1696 1213 1747 legitima
1245 1696 1394 1735 actione
1423 1697 1452 1735 V

849 1761 921 1813 (tic.
955 1760 1027 1813 16)

360 1817 581 1868 subscriptio
611 1819 732 1857 nulla.

340 1885 574 1925 Numeratos
605 1887 676 1925 hos
705 1887 838 1926 titulos
860 1886 1012 1926 inuenit
1032 1887 1071 1926 in
1095 1887 1302 1939 exemplari
1325 1900 1395 1926 suo
1417 1887 1650 1925 Hincmarus

228 1941 362 1992 (supra
384 1955 421 1993 p.
449 1942 744 1990 112)1audans‚
778 1950 822 1981 ut
853 1943 1036 1990 uidimus,
1069 1944 1135 1994 qui
1166 1944 1278 1983 nobis
1309 1944 1467 1994 quintus
1495 1950 1532 1982 et
1563 1956 1651 1982 sex-

226 2004 291 2037 tus
329 2005 420 2037 sunt
457 2005 654 2050 tamquam
695 2007 847 2039 sextum
884 2007 922 2038 et
958 2001 1183 2051 septimum.
1251 2001 1463 2039 eorundem
1509 2012 1651 2038 nume-

227 2067 360 2093 rorum
384 2062 532 2106 partem
557 2063 716 2095 seruant
736 2056 823 2095 libri
846 2058 981 2103 nostri,
1020 2058 1185 2096 maxime
1209 2057 1478 2103 Berolinensis‚
1499 2056 1650 2107 pleros·

226 2124 302 2162 que
333 2118 462 2150 tamen
500 2112 594 2164 ipsis
626 2113 761 2151 scribis
793 2125 870 2151 non
901 2114 1129 2161 intellectos,
1168 2115 1220 2153 ita
1252 2121 1295 2153 ut
1326 2114 1392 2164 qui
1421 2125 1526 2152 nunc
1557 2119 1651 2151 sunt

228 2169 422 2207 secundus
463 2169 601 2208 tertius
640 2176 801 2220 quartus
842 2170 1014 2208 decimus
1054 2171 1107 2209 ibi
1140 2183 1217 2209 uno
1254 2183 1418 2209 numero
1455 2170 1648 2209 auctiores

225 2224 476 2264 inueniantur
507 2238 623 2276 quam
648 2227 687 2264 in
710 2226 980 2265 numeratione
1005 2227 1164 2278 uulgari,
1197 2234 1329 2266 contra
1354 2227 1454 2266 tituli
1475 2227 1648 2278 quinque

225 2281 413 2332 postremi
436 2295 523 2320 cum
547 2295 589 2321 ea
612 2283 868 2328 consentiant,
891 2296 1080 2322 numerus
1104 2284 1201 2322 VIIII
1223 2284 1304 2335 pari
1326 2284 1409 2322 iure
1431 2291 1468 2322 et
1489 2284 1534 2322 ad
1557 2284 1648 2322 fini-

227 2345 355 2376 entem
398 2339 554 2378 titulum
594 2339 731 2378 referri
771 2340 894 2390 possit
934 2347 972 2379 et
1008 2341 1053 2379 ad
1086 2340 1350 2392 incipientem.
1410 2340 1648 2390 intellegitur

226 2395 314 2433 inde
360 2396 400 2434 in
445 2396 728 2447 exemplaribus
774 2396 1058 2447 antiquioribus
1098 2404 1135 2436 et
1173 2398 1212 2436 in
1250 2398 1333 2448 ipso
1371 2396 1645 2435 Hincmariano

226 2451 383 2490 titulum
423 2452 469 2491 de
506 2453 723 2491 casualibus
755 2453 973 2493 homicidiis
1004 2454 1119 2492 etiam
1151 2454 1190 2492 in
1221 2453 1490 2492 numeratione
1527 2466 1644 2492 suurn

226 2507 353 2546 locum
388 2509 602 2548 obtinuisse
640 2516 678 2548 et
714 2517 940 2548 numeratos
981 2522 1069 2549 esse
1102 2510 1235 2549 titulos
1273 2510 1547 2561 septendecim.
1607 2516 1647 2549 at

227 2563 266 2601 in
300 2565 417 2603 trium
450 2565 637 2604 librorum
670 2566 811 2617 quibus
843 2567 992 2605 utimur
1027 2567 1224 2605 communi
1247 2567 1453 2618 archetypo
1477 2566 1645 2605 secunda

226 2620 379 2660 rubrica
412 2622 628 2662 oblitterata
667 2628 727 2662 est
762 2629 800 2661 et
836 2623 960 2674 prima
999 2623 1239 2674 interpolata,
1281 2623 1326 2661 ad
1365 2635 1479 2674 quam
1521 2623 1646 2661 inter-

226 2677 462 2727 polationem
509 2681 674 2718 fortasse
711 2679 878 2718 adhibita
917 2686 976 2719 est
1014 2680 1166 2718 rubrica
1198 2680 1439 2718 nouellarum
1474 2679 1645 2718 Valenti-

226 2733 332 2772 niani
362 2733 483 2774 11119
514 2736 597 2775 siue
630 2736 652 2775 3
692 2735 873 2775 breuiarii
909 2736 1112 2775 Alariciani
1153 2737 1196 2776 de
1232 2736 1441 2776 homicidiis
1473 2749 1562 2776 casu
1592 2748 1643 2775 an
