1823 3016
51 261 85 303 1,
109 269 170 301 7,1

47 1230 181 1265 p.C.215.

675 165 791 168 ——-
857 139 938 180 139
1002 164 1119 168 —
1263 150 1457 177 COLLA'mo
1480 142 1510 181 1,
1530 151 1609 179 7—8.

249 270 390 297 PAVLVS
420 257 519 296 libro
550 265 588 297 et
619 258 732 298 titulo
763 258 830 310 qui
861 270 999 310 supra:

304 314 380 361 Qui
424 314 623 353 hominem
664 316 814 362 occidit,
860 315 1066 366 aliquando
1109 315 1326 354 absoluitur
1363 322 1401 354 et
1441 316 1615 367 quinon

191 370 344 418 occidit,
376 377 420 410 ut
450 372 642 410 homicida
673 373 899 412 damnatur:
932 372 1135 411 consilium
1167 373 1269 410 enim
1295 373 1615 424 uniuscuiusque,

190 440 269 467 non
299 428 445 466 factum
488 429 729 480 puniendum
762 436 833 468 est.
903 429 1066 480 ideoque
1097 429 1129 468 si
1160 441 1247 467 cum
1284 429 1398 468 uellet
1429 430 1615 477 occidere,

190 497 281 523 casu
317 485 445 536 aliquo
482 493 705 537 perpetrare
737 499 813 525 non
853 487 990 538 potuit,
1033 492 1077 525 ut
1114 486 1307 524 homicida
1354 486 1531 537 punitur:
1581 493 1619 525 et
1644 489 1666 523 5

189 541 242 588 is,
288 542 355 592 qui
395 554 485 581 casu
531 543 657 593 [iaetu]
698 544 763 582 teli
801 543 1000 582 hominem
1040 543 1297 594 inprudenter
1333 543 1499 589 ferierit,
1546 543 1618 582 ab-

191 598 370 637 soluitur.
402 599 505 650 quod
538 599 570 638 si
591 600 630 638 in
654 600 733 638 rixa
752 613 961 652 percussus
984 601 1100 639 honio
1121 600 1292 651 perierit,
1315 600 1498 651 quoniam
1517 600 1618 639 ictus

190 668 346 706 quoque
377 656 482 707 ipsos
515 664 649 695 contra
681 670 1005 708 unumquemque
1036 657 1290 708 contemplari
1322 664 1487 708 oportet,
1533 658 1618 696 ideo

189 712 419 751 humiliores
450 712 490 751 in
521 714 655 752 ludum
689 721 756 753 aut
786 715 823 752 in
858 715 1055 753 metallum
1090 715 1336 760 damnantur,
1374 714 1618 753 honestiores

191 769 348 808 dimidia
380 777 488 821 parte
520 770 711 809 bonorum
748 771 899 809 multati
931 771 1164 822 relegantur.

248 826 345 865 Item
370 839 628 866 eneconmrws
660 827 757 866 libro
782 828 845 866 llll
868 828 954 878 [sub
972 828 1095 878 titulo]
1119 828 1164 867 ad
1186 828 1307 878 legem
1333 827 1548 866 Corneliam
1573 827 1619 866 de

363 884 510 922 sicariis
542 890 580 922 et
612 884 795 923 uenefieis
828 887 941 923 talem
975 885 1294 924 constitutionem
1329 885 1455 936 ponit:

304 939 521 991 Imperator
536 941 757 979 Antoninus
776 942 817 979 A.
836 941 992 980 Aurelio
1012 942 1228 981 Herculano
1253 948 1290 980 et
1310 941 1393 980 aliis
1416 941 1618 980 militibus.

189 995 325 1035 Frater
356 1004 488 1035 uester
518 998 662 1036 rectius
685 999 830 1043 feeerit,
864 999 894 1036 si
917 1011 958 1036 se
979 999 1145 1050 praesidi
1167 999 1393 1050 prouinciae
1414 998 1618 1050 optulerit:

190 1052 251 1091 cui
297 1053 330 1092 si
375 1054 600 1105 probauerit
643 1066 721 1093 non
770 1054 971 1093 occidendi
1017 1055 1148 1094 animo
1190 1055 1335 1094 Iustam
1385 1069 1404 1094 a
1451 1068 1491 1094 se
1529 1067 1619 1106 per-

190 1122 345 1148 cussam
385 1123 481 1156 esse,
529 1110 692 1149 remissa
732 1111 931 1150 homicidii
968 1124 1091 1163 poena
1124 1112 1340 1151 seeundum
1373 1112 1618 1163 disciplinam

189 1166 398 1205 militarem
446 1167 681 1206 sententiam
732 1168 917 1220 proferet.
992 1168 1195 1220 Proposita
1240 1169 1339 1220 prid.
1386 1170 1459 1209 kal.
1505 1169 1618 1207 Febr.

193 1222 311 1263 Laeto
342 1223 402 1262 bis
433 1236 540 1263 cons.

280 1362 307 1383 e.
338 1352 368 1392 7,
430 1351 627 1384 :Paulus
652 1353 683 1391 Ξ),
710 1351 764 1391 23,
791 1351 822 1383 3.

280 1407 307 1428 c.
337 1398 366 1435 7,
393 1397 413 1428 2
440 1398 525 1439 quod
552 1399 580 1429 si
600 1422 607 1428 .
628 1423 635 1429 .
655 1422 661 1428 .
690 1402 825 1439 oportet
840 1412 884 1423 =
902 1397 982 1440 Dig.
1001 1397 1055 1437 48,
1074 1397 1105 1438 8,
1125 1397 1164 1430 17
1190 1400 1274 1430 mut.
1293 1399 1359 1429 sic:
1385 1398 1422 1430 Si
1448 1423 1454 1430 .
1474 1422 1481 1429 .
1502 1422 1509 1430 .
1526 1422 1534 1429 .
1561 1407 1620 1439 pe-

188 1443 291 1475 rierit
316 1442 405 1474 ictus
430 1444 530 1474 unius
557 1443 715 1484 cuiusque
742 1444 771 1473 in
798 1444 861 1474 hoc
887 1444 1108 1475 collectorum
1134 1444 1355 1485 contemplari
1382 1448 1527 1486 oportet.

280 1499 308 1520 c.
335 1487 354 1519 8
372 1503 415 1514 =
437 1487 512 1520 Cod.
530 1488 614 1520 Just.
634 1489 664 1527 9,
689 1489 740 1529 16,
761 1489 775 1520 1
803 1488 928 1520 addens
951 1490 987 1520 in
1010 1489 1078 1532 fine
1100 1500 1185 1531 quae
1202 1489 1361 1532 leguntur
1377 1489 1474 1531 infra
1491 1500 1523 1532 p.
1546 1489 1622 1531 140,

189 1533 296 1566 5--82
324 1534 451 1565 crimen
477 1552 521 1556 —-
547 1534 754 1576 inputantur.

184 1633 301 1639 W..VMJ
306 1633 434 1640 foJJN

550 1633 1106 1641 -ffaeNvaWNNaxm-*WJNw‘ae-Araex'aeae
1110 1634 1401 1641 aefNNssfNaesd-stsJ
1405 1635 1435 1641 f(
1439 1635 1610 1641 .›n›.›ss2faefs

284 1699 295 1730 1
325 1699 414 1730 libro
441 1699 484 1739 et]
516 1700 649 1741 scripsi,
680 1699 768 1730 libro
798 1699 904 1731 tertio
937 1700 1054 1742 quinto
1080 1699 1156 1741 BV,
1182 1700 1270 1732 liber
1294 1701 1418 1732 tertius
1446 1712 1487 1732 .u.
1517 1699 1572 1732 W.
1601 1699 1616 1744 Η

186 1744 310 1776 titulus
332 1743 388 1776 W.
415 1742 430 1787 Η
460 1745 528 1786 qui]
547 1755 610 1786 quo
630 1743 688 1784 W,
713 1745 797 1787 quod
813 1745 897 1777 BV:
921 1746 967 1787 cf.
989 1746 1063 1785 137,
1091 1746 1143 1777 20.
1173 1744 1187 1789 Η
1218 1746 1237 1777 2
1263 1747 1318 1787 qui
1345 1746 1509 1777 homiuem
1529 1771 1536 1778 .
1555 1770 1562 1777 .
1585 1771 1591 1777 .
1613 1770 1620 1777 .

189 1792 230 1823 10
268 1791 461 1830 relegartur
492 1789 619 1821 adsunt
654 1792 688 1821 in
724 1789 917 1822 collectione
953 1801 1120 1823 canonum
1146 1791 1381 1824 Vallieelliana
1406 1792 1452 1829 (ιι.
1475 1803 1507 1834 p.
1531 1791 1620 1831 113).

188 1833 204 1878 Η
245 1835 263 1867 3
297 1836 463 1867 occiderit
493 1835 598 1867 Pauli
620 1835 707 1867 libri.
748 1833 762 1879 Η
802 1837 1002 1868 homicidam
1021 1837 1060 1875 B,
1086 1838 1218 1868 homida
1247 1835 1324 1869 JVH.
1360 1835 1375 1880 Η
1405 1839 1425 1868 4
1456 1848 1517 1868 non
1551 1848 1616 1869 om.

190 1880 234 1913 V.
274 1878 290 1924 Η
331 1882 359 1912 si
386 1891 449 1912 om.
476 1880 515 1920 B,
549 1881 602 1923 qui
628 1880 731 1913 Pauli
755 1881 841 1913 libri.
881 1880 895 1924 Η
936 1883 1027 1914 uelle
1046 1882 1083 1914 Β.
1123 1880 1138 1926 Η
1180 1884 1197 1915 5
1225 1884 1317 1922 casu]
1343 1883 1376 1914 id
1414 1893 1492 1914 casu
1519 1883 1623 1914 Paule·

187 1926 274 1958 libri.
316 1924 331 1969 Η
368 1927 415 1966 ut]
454 1932 487 1958 et
514 1926 570 1959 W.
609 1923 624 1969 Η
666 1927 803 1969 punitur
832 1928 978 1970 Paulus,
1016 1929 1175 1970 puniatur
1207 1928 1296 1968 libri,
1322 1931 1426 1960 ettam
1453 1928 1620 1961 l'allicell.

189 1970 205 2015 Η
247 1972 265 2002 6
297 1973 350 2004 his
383 1972 470 2011 libri,
508 1973 613 2003 etiam
640 1972 804 2005 Vallz'cell.
843 1971 858 2016 Η
899 1974 989 2005 iactu
1015 1974 1090 2014 teli]
1118 1974 1257 2014 Paulus,
1296 1975 1359 2006 teli
1386 1974 1510 2015 BVW,
1548 1975 1619 2005 'telo

189 2017 354 2050 Vallz'eell.
386 2016 401 2061 Η
428 2017 576 2056 ferierit]
604 2018 726 2050 occidit
755 2018 863 2050 Paula·
885 2018 972 2051 lt'brz'.
1005 2017 1020 2062 Η
1051 2020 1068 2050 7
1094 2020 1190 2050 homo
1211 2030 1300 2060 pero.
1322 2019 1378 2053 W.
1414 2018 1429 2062 Η
1467 2020 1619 2061 perierit]

186 2062 329 2103 Paulus,
366 2063 502 2096 ferierit
521 2062 562 2103 V,
590 2063 695 2095 fuerit
717 2063 799 2097 BW
822 2064 986 2097 Vallicell.
1026 2062 1040 2108 Η
1081 2065 1182 2105 ictus]
1207 2065 1302 2107 Diga,
1335 2067 1427 2097 iocus
1452 2065 1482 2097 B
1509 2064 1619 2098 Valle·-

187 2109 268 2150 cell.,
294 2109 392 2140 botos
421 2107 477 2149 W,
508 2114 606 2140 uotus
634 2108 677 2141 V.
728 2107 743 2152 Η
797 2110 815 2142 8
842 2120 970 2152 quoque
998 2111 1099 2152 ipsos]
1129 2110 1165 2143 V
1188 2109 1363 2149 Vollc'cell.,
1391 2122 1519 2153 quoque
1546 2112 1617 2153 ipso

189 2153 228 2193 Β,
261 2155 353 2196 ipsos
385 2165 512 2197 quoque
541 2154 597 2187 W.
637 2152 652 2197 Η
692 2165 920 2198 uuumqueque
948 2155 991 2188 V.
1032 2154 1047 2199 Η
1088 2156 1107 2188 9
1141 2157 1247 2188 lutum
1280 2156 1323 2189 V.
1362 2154 1377 2200 Η
1419 2157 1618 2188 damnentur

188 2199 229 2240 B,
255 2201 452 2241 dampnatur
473 2199 528 2233 W.
570 2197 585 2242 Η
629 2201 667 2231 10
699 2201 847 2232 deniedia
874 2206 968 2244 parte
994 2201 1032 2237 B,
1063 2202 1234 2234 dimidiam
1266 2207 1396 2244 pai-tem
1425 2201 1480 2234 W.
1519 2200 1534 2245 Η
1577 2202 1614 2235 11

189 2245 278 2277 libro
305 2246 428 2285 (libros
454 2246 482 2277 B
507 2246 603 2284 ind),
628 2245 714 2277 liber
743 2244 798 2278 W.
834 2244 850 2290 Η
883 2247 936 2278 iiii
963 2246 1048 2287 libri,
1073 2248 1152 2279 xiiii
1178 2248 1348 2280 Pithoeus.
1381 2246 1396 2291 Η
1426 2249 1485 2279 sub
1512 2248 1616 2279 titulo

188 2290 315 2323 addidi.
355 2289 371 2335 Η
413 2292 486 2329 lege
513 2291 550 2323 B.
586 2288 601 2333 Η
638 2291 676 2322 12
704 2292 859 2324 siccariis
885 2292 922 2324 B.
949 2290 964 2336 Η
1005 2293 1163 2325 beneficis
1191 2293 1250 2333 W,
1283 2293 1454 2325 benefieiis
1481 2293 1556 2325 BV.
1597 2290 1613 2335 Η

192 2337 231 2369 13
259 2338 399 2369 Aurelio
426 2347 491 2369 0711.
515 2337 600 2369 Just.
639 2334 654 2380 Η
684 2337 880 2377 herculano]
905 2337 987 2370 Just.
1018 2338 1135 2379 (Bam,
1167 2340 1360 2371 herculario
1379 2337 1500 2370 BVW.
1527 2337 1543 2381 Η
1578 2339 1617 2369 14

189 2382 218 2413 si
244 2384 292 2422 se]
317 2382 416 2422 Just„
443 2384 516 2414 siue
543 2381 600 2422 W,
633 2383 705 2413 sine
731 2382 768 2416 B.
799 2384 828 2415 si
854 2394 924 2415 rem
954 2383 996 2416 V.
1029 2382 1044 2427 Η
1074 2385 1219 2427 presidis
1247 2384 1304 2417 W.
1341 2383 1356 2427 Η
1401 2384 1439 2415 15
1465 2385 1531 2423 cui]
1559 2384 1615 2425 qui

189 2427 273 2460 lust.
314 2426 330 2471 Η
369 2429 468 2460 animi
489 2427 545 2461 W.
582 2426 598 2471 Η
639 2428 774 2467 iustam]
799 2428 838 2468 B,
876 2429 964 2461 iusta
985 2428 1079 2468 VIV,
1104 2427 1264 2463 Ἰυῦστον
1286 2429 1372 2462 Just.
1401 2429 1518 2471 (Bas.),
1556 2429 1616 2459 ho-

190 2474 309 2505 minem
335 2473 422 2506 Just.
451 2474 543 2511 (libri
566 2475 700 2512 nostri).
738 2471 753 2516 Η
794 2485 812 2506 a
839 2474 885 2514 se]
902 2474 1002 2515 lust„
1028 2485 1045 2506 a
1072 2487 1110 2507 re
1136 2476 1222 2508 libri.
1262 2473 1278 2518 Η
1321 2475 1358 2507 16
1384 2485 1544 2517 percussa
1570 2474 1616 2515 V,

190 2529 382 2558 percussum
400 2519 483 2552 Just.
511 2517 526 2562 Η
556 2528 630 2552 esse
648 2519 790 2551 remissa
808 2520 907 2557 (-sa1n
927 2520 969 2560 B)
987 2531 1050 2552 om.
1070 2520 1127 2554 W.
1155 2519 1170 2564 Η
1198 2531 1337 2563 poenam
1358 2518 1414 2560 W,
1433 2530 1550 2562 penam
1569 2520 1614 2553 V.

191 2561 209 2606 Η
235 2564 414 2607 disciplina
435 2565 478 2598 V.
509 2563 525 2608 Η
556 2566 592 2598 17
612 2564 763 2596 militare
784 2564 840 2597 W.
867 2563 883 2609 Η
911 2565 1074 2608 proferet]
1092 2566 1192 2606 Just„
1216 2565 1388 2609 proferret
1404 2565 1443 2605 Β,
1463 2565 1615 2607 proferre

191 2609 237 2650 V,
263 2611 391 2651 profert
412 2610 468 2651 W,
502 2612 592 2643 feret
621 2610 781 2642 Huschke.
819 2608 835 2654 Η
877 2612 917 2644 18
942 2613 1114 2654 proposita
1143 2612 1191 2653 V,
1227 2611 1432 2654 propositam
1454 2610 1519 2653 W,
1539 2622 1615 2653 pro-

191 2667 316 2708 positio
342 2667 380 2700 B.
419 2667 435 2713 Η
475 2662 550 2710 pffil
584 2662 630 2701 k—l.
662 2667 761 2700 febffi
791 2668 873 2700 letio
905 2669 958 2701 uis
989 2668 1087 2701 coffs‘s
1116 2668 1153 2710 B,
1190 2678 1253 2700 om.
1278 2667 1372 2710 VW;
1409 2667 1437 2700 ΙΙ
1469 2660 1614 2701 k.‘febr.

191 2713 282 2744 laeto
307 2711 335 2744 ΙΙ
359 2718 394 2745 et
419 2714 546 2746 cereali
571 2714 658 2747 Just.
687 2714 783 2754 (Hal.)

1648 774 1690 808 10

1650 1059 1692 1093 15
