1828 3011
230 214 623 257 couvar.6,19—7,6.
716 231 833 236 -—-
897 212 981 252 214
1042 230 1159 232 —

228 345 344 384 quam
367 337 543 372 cerneret
564 331 626 370 uel
647 343 718 383 pro
740 329 882 369 herede
904 332 1054 379 gereret
1071 328 1133 367 uel
1151 326 1343 365 bonorum
1361 325 1650 378 possessionem

229 395 378 441 peteret
409 389 606 434 defuncta,
647 386 934 426 successionem
967 395 1049 422 eam
1090 395 1168 422 non
1206 382 1380 434 potuisse
1411 382 1458 421 ad
1489 382 1652 421 heredes

229 458 321 485 suos
352 445 632 484 transmittere.
693 442 766 481 ΡΡ.
798 441 832 480 X
863 441 935 479 kal.
968 439 1078 479 Mart.
1110 439 1248 478 iisdem
1279 438 1355 477 AA.
1389 451 1516 477 conss.
1671 451 1696 469 ε·-
1716 445 1774 470 2⁹3

119 498 150 540 6,
177 510 211 534 20
343 501 439 541 Item
472 501 586 550 leges,
618 511 690 550 qua
723 510 847 550 poena
874 496 1172 535 calumniatores
1200 494 1393 546 plectendi
1414 501 1518 541 sunt,
1550 493 1653 532 lib.l

231 563 400 597 sentent.
433 557 491 595 tit.
524 556 570 594 de
602 554 890 594 calumniator.:
1702 551 1727 585 5

343 612 615 653 Calumniosus
656 616 736 656 est,
784 609 851 660 qui
899 608 1025 647 sciens
1071 608 1321 660 prudensque
1363 618 1432 658 per
1476 606 1652 645 fraudem

232 669 433 720 negotium
466 667 580 707 alicui
611 672 820 718 comparat.

120 728 151 767 6,
179 739 211 763 21
288 726 392 764 ldem
426 725 490 763 lib.
523 724 552 762 V
584 724 641 762 tit.
674 723 719 761 de
750 721 916 773 priuatis
948 726 987 759 et
1016 720 1181 772 publicis
1211 718 1385 758 iudiciis:

346 782 493 820 Omnes
525 779 756 819 calumniosi
794 784 901 817 extra
941 776 1116 816 ordinem
1163 789 1234 829 pro
1274 775 1457 827 qualitate
1495 773 1656 813 admissi

230 837 423 890 plectendi
455 842 559 876 sunt.
1683 831 1733 864 10

138 892 170 932 7,
196 904 211 927 1
345 894 545 940 Quantum
578 891 623 930 ad
656 904 727 930 nos
760 890 906 929 delatae
936 889 1127 941 pactionis
1149 894 1278 928 textus
1309 887 1493 934 insinuat,
1525 886 1657 938 potius

232 956 367 990 contra
398 950 521 989 bonos
559 960 688 987 mores
725 947 898 986 chartula
936 947 1020 998 ipsa
1058 945 1167 997 litigii
1215 943 1467 984 seminarium
1513 955 1657 995 propa-

234 1007 351 1058 gauit,
399 1018 515 1057 quam
558 1011 640 1043 tum
682 1003 766 1043 utili
800 1001 1075 1042 deliberatione
1106 1001 1401 1052 adsurgentium
1439 1000 1656 1050 iurgiorum

235 1063 412 1102 seandala
443 1061 646 1101 resecauit.
715 1060 932 1099 dinoscitur
967 1059 1096 1110 itaque
1135 1057 1321 1097 calliditas
1360 1056 1541 1096 dictantis
1577 1067 1657 1094 non

139 1116 422 1159 722habuisse
472 1117 732 1170 prudentiam.
812 1116 911 1155 Dum
958 1115 1077 1166 igitur
1121 1120 1255 1154 contra
1305 1114 1434 1165 legum
1482 1112 1658 1163 iurisque
1686 1114 1734 1148 15

235 1177 412 1215 ordinem
446 1174 608 1214 ueniens
639 1173 782 1212 iustam
805 1171 955 1211 arbitrii
975 1171 1171 1222 ignorauit
1191 1170 1387 1209 custodire
1419 1180 1658 1215 mensuram,

235 1245 334 1284 quae
365 1237 471 1271 tanta
503 1231 666 1270 duarum
697 1240 954 1281 personarum
993 1227 1159 1278 dignitas
1200 1227 1329 1279 potuit
1366 1225 1548 1277 reperiri,
1592 1231 1660 1264 aut

235 1301 333 1340 quae
363 1289 467 1327 intra
498 1286 695 1337 regionem
730 1292 835 1325 tanta
872 1284 948 1323 fuit
985 1284 1148 1323 defectio
1189 1282 1465 1329 iudicantium,
1504 1288 1548 1320 ut
1586 1293 1661 1320 nec

237 1344 479 1384 triumuirale
510 1343 698 1383 iudicium
731 1342 845 1381 etiam
879 1341 925 1380 de
956 1341 1073 1380 rebus
1109 1339 1289 1379 iudicatis
1327 1339 1426 1377 male
1458 1338 1659 1390 paciscen-

238 1402 335 1440 tium
369 1413 448 1439 non
480 1406 559 1439 tam
592 1398 741 1444 electio,
774 1398 852 1442 sed,
885 1398 988 1447 quod
1020 1397 1153 1435 uerius
1186 1396 1261 1435 dici
1292 1399 1456 1441 constat,
1497 1394 1659 1433 facilitas
1685 1396 1737 1430 20

237 1455 423 1508 eligeret?
455 1456 501 1495 de
532 1455 649 1494 rebus
681 1454 785 1493 enim
816 1452 994 1492 iudicatis
1017 1452 1088 1491 soli
1109 1451 1276 1504 principi
1297 1457 1336 1490 et
1357 1456 1491 1489 contra
1510 1449 1660 1489 iudices

237 1514 346 1552 licuit
375 1512 558 1557 iudicare,
591 1516 658 1550 aut
688 1509 721 1549 si
751 1510 804 1548 ita
835 1515 1084 1554 conuenerat,
1117 1515 1161 1548 ut
1191 1507 1325 1546 iudicii
1346 1506 1549 1546 uinculum
1582 1506 1663 1545 sol-

141 1572 174 1611 7,
200 1576 408 1609 aueretur.
470 1568 570 1618 Ergo
602 1567 729 1619 pactio
759 1566 842 1618 ipsa
879 1564 1011 1604 iudicii
1048 1564 1223 1604 ordinem
1263 1570 1300 1603 et
1337 1562 1661 1602 constitutionem

236 1627 425 1672 infirmat,
473 1637 570 1676 quae
609 1622 806 1673 discingit,
855 1621 958 1673 quod
1003 1627 1134 1660 tamen
1179 1633 1258 1659 non
1303 1619 1547 1671 paciscendo,
1594 1619 1662 1657 sed

238 1682 418 1722 donando
449 1681 532 1720 fieri
570 1679 781 1732 potuisset,
820 1678 1037 1718 secundum
1080 1677 1312 1716 sententiam
1344 1676 1452 1715 Pauli
1493 1675 1660 1722 iuridici,
1688 1678 1737 1712 25

239 1739 350 1778 cuius
381 1736 596 1777 sententias
627 1735 981 1775 sacratissimorum
1004 1733 1227 1786 principum
1250 1733 1344 1773 scita
1377 1744 1532 1784 semper
1562 1731 1662 1771 uali-

239 1802 346 1835 turas
378 1807 422 1834 ac
453 1793 590 1833 diualis
622 1792 852 1832 constitutio
883 1790 1105 1830 declarauit.

143 1848 176 1892 7,
204 1862 219 1885 4
296 1851 407 1890 Pauli
439 1857 536 1889 sent.
568 1850 585 1888 I
615 1849 680 1888 lib.
713 1849 759 1887 de
789 1854 909 1900 pact.:

352 1907 431 1946 Nec
452 1912 587 1946 contra
609 1906 712 1957 leges
732 1917 806 1944 nec
827 1910 962 1943 contra
984 1903 1108 1942 bonos
1132 1914 1260 1942 mores
1278 1900 1419 1954 pacisci
1434 1912 1662 1952 possumus.

145 1965 177 2004 7,
204 1977 220 2000 ε,
296 1964 394 2003 Item
427 1963 511 2002 eod.
543 1963 608 2001 lib.
641 1968 680 2001 et
709 1961 788 2000 tit.:
1688 1963 1740 1998 30

355 2020 515 2059 Pactum
539 2025 675 2058 contra
696 2018 758 2057 ius
780 2023 847 2056 aut
869 2015 1168 2056 constitutiones
1189 2020 1256 2054 aut
1277 2027 1308 2054 s.
1331 2027 1366 2053 c.
1387 2012 1661 2065 interpositum

241 2076 337 2116 nihil
370 2075 560 2115 momenti
590 2075 717 2114 habet.

146 2135 181 2175 7,
207 2146 223 2172 e
299 2133 397 2172 Item
428 2145 474 2171 ex
506 2144 667 2184 corpore
697 2129 808 2169 Pauli
839 2130 885 2169 de
916 2134 1016 2181 pact.
1049 2135 1088 2168 et
1117 2126 1338 2167 conuentis:

334 2223 362 2244 e.
389 2213 422 2252 6,
448 2211 490 2242 20
508 2227 551 2237 z
569 2210 668 2242 Paul.
697 2211 726 2251 1,
752 2210 783 2249 5,
813 2211 841 2242 1.

335 2268 362 2289 c.
389 2256 421 2297 6,
447 2256 486 2287 21
506 2272 550 2282 =
567 2255 661 2287 Paul.
696 2257 723 2296 1,
749 2256 780 2293 5,
808 2255 826 2286 2
852 2254 928 2295 Dig.
956 2254 1010 2295 48,
1042 2253 1092 2294 16,
1119 2253 1148 2284 3.
1691 2243 1740 2278 35

248 2350 258 2380 1
300 2313 378 2379 4οΞ
391 2301 467 2377 7,33
492 2311 526 2333 u.
553 2300 594 2332 26
627 2300 815 2342 principum
841 2300 928 2331 scita
953 2322 961 2330 .
982 2323 989 2331 .
1008 2323 1015 2330 .
1041 2298 1165 2330 diualis
1197 2295 1410 2334 constitutio]
1437 2292 1513 2326 Cod.
1545 2292 1663 2325 leeod.

265 2371 274 2388 5
325 2372 332 2387 7
383 2371 389 2378 ⁸
440 2371 447 2378 ⁸

336 2403 364 2423 c.
392 2392 422 2431 7,
447 2391 478 2423 4.
498 2392 516 2422 5
535 2406 579 2416 =
597 2388 694 2422 Paul.
722 2390 751 2429 1,
782 2391 809 2431 1,
834 2390 865 2421 4.
884 2390 942 2421 4³.

337 2447 364 2468 c.
393 2437 423 2476 7,
448 2433 762 2474 6=Paul.1,1,
788 2436 845 2466 53.

337 2530 355 2560 2
383 2499 544 2560 uitia]
545 2496 1215 2566 {limis}{Nil-{ge}³}1‘f2‘s'121133mc'523f
1216 2494 1337 2562 ‘3355ss
1338 2491 1666 2553 '“a'gfflissssiifai

245 2574 329 2606 Just.
373 2574 382 2615 Η
424 2574 443 2605 3
468 2583 489 2604 x
516 2597 523 2604 .
548 2597 554 2604 .
584 2598 590 2605 .
617 2572 749 2610 iisdem]
782 2572 812 2603 k.
845 2572 920 2603 mai.
954 2570 1102 2602 Thiralli
1137 2568 1211 2601 eod.
1243 2568 1325 2600 Iasi.
1367 2567 1380 2607 11
1422 2566 1440 2598 8
1466 2566 1523 2597 lib.
1552 2591 1558 2597 .
1586 2589 1619 2597 ..
1646 2566 1668 2596 9

249 2621 374 2657 omues]
401 2619 473 2650 eod.
499 2618 558 2649 lib.
587 2622 620 2649 et
647 2618 719 2649 tit.:
745 2617 789 2649 Et
812 2617 844 2648 iu
872 2617 954 2658 priu.
981 2620 1015 2648 et
1041 2616 1073 2646 in
1100 2626 1129 2657 p.
1154 2613 1291 2646 iudiciis
1318 2621 1431 2643 omnes
1457 2610 1537 2642 duce
1561 2610 1670 2642 Paulo

248 2674 311 2695 ser.
362 2663 371 2705 Η
423 2663 462 2694 13
495 2668 563 2694 tum
588 2662 667 2694 utili
693 2664 887 2704 corruptum
914 2664 973 2693 est.
1023 2659 1034 2702 Η
1081 2660 1123 2691 20
1149 2659 1215 2690 dici
1241 2668 1305 2689 om.
1326 2656 1396 2688 Cui.
1426 2657 1522 2688 1577.
1571 2654 1581 2697 ΙΙ
1623 2655 1662 2686 21

250 2708 406 2747 eligisset
441 2707 510 2740 Cm'.
543 2708 639 2739 1586.
680 2707 693 2747 Η
733 2708 777 2739 24
802 2708 895 2748 quae]
923 2712 1020 2748 atque
1045 2706 1175 2747 Pugge.
1217 2702 1227 2745 Η
1269 2707 1378 2734 tamen
1406 2703 1482 2740 non]
1509 2711 1571 2732 non
1598 2704 1669 2731 tam

248 2763 317 2785 scr.
358 2754 371 2794 Η
412 2753 451 2783 27
481 2753 632 2785 declarat
659 2753 730 2786 Cui.
758 2753 856 2784 1577.
