1823 3016
134 394 252 433 Num.

131 733 252 772 Num.

130 1243 244 1284 Deut.

632 161 1081 203 ——133—

274 292 392 319 manu
430 280 679 331 percusserit,
717 294 794 332 quo
833 278 933 319 mori
971 278 1096 331 possit
1141 283 1180 317 et
1216 282 1397 316 mortuus
1436 277 1566 324 suerit,

274 337 466 376 homicida
498 344 573 376 est:
608 344 733 377 morte
764 337 950 389 puniatur
981 334 1187 374 homicida.

282 392 350 439 35,
381 393 448 439 20,
479 394 534 433 21
567 394 641 447 (=
661 402 686 434 t.
718 394 753 447 I)
793 407 841 434 eac
870 393 1133 445 Lugdunensi:

274 450 314 489 Si
360 457 489 489 autem
536 464 605 503 per
649 451 893 490 inimicitiam
932 449 1132 502 impulerit
1171 459 1260 486 eum
1299 452 1338 486 et
1373 445 1569 485 inmiserit

272 520 391 558 super
422 520 511 546 eum
544 521 659 547 omne
693 522 760 547 uas
793 521 839 546 ex
870 507 1023 552 insidia,
1062 512 1100 545 et
1131 511 1311 544 mortuus
1343 504 1472 550 suerit,
1506 504 1568 542 uel

271 576 340 615 per
370 564 466 603 iram
500 565 736 616 percusserit
771 577 860 604 eum
900 565 946 603 de
983 576 1114 609 manu,
1154 568 1193 601 et
1224 567 1405 600 mortuus
1436 560 1566 606 suerit,

273 621 389 659 morti
436 623 626 660 moriatur
675 622 742 673 qui
780 621 1036 673 percusserit:
1082 618 1275 658 homicida
1317 623 1393 656 est:
1448 617 1567 656 morti

271 678 458 729 puniatur
489 678 693 717 homicida.

283 734 351 779 35,
383 734 552 775 22—25
583 735 655 788 (=
675 743 700 774 t.
732 734 762 781 I,
794 735 838 787 4)
871 747 919 774 eac
949 733 1208 785 Luydunensi:

272 791 313 830 Si
358 799 487 830 autem
536 792 665 831 subito
711 804 789 830 non
828 805 898 844 per
933 790 1176 830 inimicitiam
1216 787 1411 827 inmiserit
1448 800 1567 839 super

269 860 361 887 eum
408 861 525 887 omne
571 862 639 888 uas
680 861 760 887 non
797 862 843 887 ex
878 848 1037 894 insidia,
1085 847 1147 886 uel
1185 857 1343 885 ornnem
1383 844 1564 896 lapidem,

269 918 347 956 quo
391 905 594 952 moriatur,
632 918 711 944 non
747 918 816 957 per
848 905 992 950 dolum,
1030 910 1069 943 et
1104 903 1288 943 occiderit
1325 914 1444 953 super
1474 914 1564 940 eum

269 968 308 1000 et
353 970 533 1001 mortuus
575 962 704 1008 fuerit,
751 963 783 1001 is
821 969 951 1000 autem
990 974 1070 1000 non
1107 961 1291 999 inimicus
1328 958 1411 997 eius
1448 958 1567 997 fuerit

269 1031 396 1070 neque
433 1019 643 1070 quaesierit
681 1019 779 1057 male
820 1021 946 1057 facere
983 1017 1030 1064 ei,
1073 1024 1111 1056 et
1148 1015 1333 1056 iudicabit
1371 1027 1563 1067 synagoga

266 1075 371 1114 inter
416 1088 504 1115 eum
547 1076 614 1126 qui
659 1075 898 1127 percusserit
928 1081 966 1113 et
1002 1075 1224 1125 proximum
1265 1072 1467 1122 sanguinis
1501 1085 1564 1110 se-

268 1132 441 1171 cundum
480 1132 621 1171 iudicia
659 1134 752 1171 haec
788 1138 826 1171 et
856 1131 1036 1170 liberauit
1066 1143 1259 1182 synagoga
1290 1141 1564 1181 percussorem

267 1201 287 1227 a
319 1189 497 1240 proximo
530 1189 744 1240 sanguinis.

289 1246 355 1293 18,
395 1246 564 1286 10-14
601 1246 674 1299 (=
701 1253 727 1285 t.
761 1243 850 1298 XV)
894 1244 1149 1296 Hieronymus
1187 1250 1318 1284 contra
1358 1242 1484 1293 Pelay.
1528 1242 1567 1287 1,

217 1301 275 1342 36
302 1316 339 1355 p.
366 1303 445 1342 721
484 1303 601 1343 Vall..·

130 2439 241 2480 Dent.

266 1359 346 1398 Nec
375 1360 602 1399 inueniatur
632 1360 671 1398 in
703 1366 741 1399 te
771 1359 839 1410 qui
871 1359 1048 1398 traducat
1078 1358 1201 1397 filium
1225 1357 1287 1396 uel
1308 1357 1427 1396 tiliam
1451 1368 1563 1395 suam

267 1429 336 1468 per
368 1418 494 1468 ignem
527 1416 834 1456 diuinationibus
867 1422 905 1455 et
935 1415 1133 1455 ominibus
1165 1414 1232 1466 (al.
1267 1414 1329 1453 uel
1360 1413 1563 1464 omnibus)

265 1474 439 1524 auguriis
471 1479 510 1512 et
541 1473 725 1513 maleficis
757 1473 905 1512 artibus
937 1479 976 1512 et
1006 1471 1336 1511 incantationibus
1367 1483 1446 1509 non
1479 1482 1564 1509 ser-

267 1530 363 1580 uies,
397 1536 440 1569 ut
470 1531 686 1582 interroges
719 1543 851 1581 magos
883 1536 921 1569 et
953 1530 1120 1569 hariolos
1159 1535 1196 1568 et
1229 1534 1424 1566 mortuos:
1467 1527 1563 1566 abo-

268 1587 430 1626 minatio
461 1588 566 1626 enim
601 1587 748 1627 domini
780 1594 840 1626 est
871 1587 1000 1626 omnis
1027 1586 1094 1637 qui
1116 1586 1207 1625 facit
1229 1585 1321 1623 haec
1345 1591 1383 1624 et
1404 1590 1563 1636 propter

265 1644 335 1683 has
374 1644 686 1683 abominationes
725 1644 908 1683 dominus
947 1644 1042 1683 deus
1080 1650 1172 1682 tuus
1210 1648 1417 1681 consumet
1447 1654 1511 1680 eas
1543 1653 1564 1680 a

266 1701 363 1740 facie
408 1708 492 1740 tua:
539 1704 734 1753 perfectus
774 1701 851 1740 eris
897 1714 985 1740 cum
1030 1700 1188 1739 domino
1231 1700 1301 1738 deo
1344 1704 1413 1738 tuo
1455 1727 1495 1736 ..
1553 1728 1562 1736 .

267 1764 401 1809 gentes
434 1759 528 1798 istae
559 1772 656 1810 quas
688 1765 729 1797 tu
759 1758 977 1810 possidebis
1008 1758 1176 1796 hariolos
1207 1762 1246 1795 et
1275 1756 1430 1795 diuinos
1452 1754 1564 1794 audi-

267 1821 350 1861 unt,
384 1815 452 1854 tibi
485 1822 614 1855 autem
649 1828 728 1855 non
760 1815 815 1854 sic
845 1815 950 1854 dedit
980 1814 1163 1854 dominus
1195 1813 1290 1852 deus
1322 1818 1427 1852 tuus.

321 1873 553 1923 Auyustz'nus
582 1886 676 1924 spec.
709 1886 738 1912 c.
760 1873 835 1912 55:

264 1928 350 1968 Non
388 1930 614 1969 inuenietur
643 1930 683 1969 in
716 1936 752 1969 te
783 1930 955 1968 lustrans
987 1928 1111 1967 filium
1143 1939 1258 1967 suum
1282 1932 1349 1966 aut
1370 1926 1487 1965 filiam
1519 1924 1560 1964 in

265 1986 354 2037 igne
386 1993 424 2025 et
455 1986 635 2026 diuinans
667 1986 947 2026 diuinationem
979 1998 1175 2037 augurans
1207 1990 1246 2023 et
1276 1983 1502 2035 aruspicans
1524 1988 1564 2021 et

267 2043 590 2083 medicaminibus
611 2044 825 2090 infuscans,
856 2044 1085 2090 incantator,
1113 2041 1387 2093 uentriloquus
1409 2047 1447 2079 et
1468 2052 1562 2092 por-

265 2107 368 2139 tenta
401 2100 612 2152 inspiciens
645 2107 682 2140 et
712 2101 957 2151 interrogans
991 2106 1190 2139 mortuos:
1237 2106 1297 2138 est
1328 2097 1431 2137 enim
1465 2097 1561 2136 abo-

267 2157 476 2196 minandus
524 2157 682 2197 domino
728 2158 799 2196 deo
846 2164 913 2196 tuo
960 2163 998 2196 et
1044 2157 1171 2196 omnis
1216 2156 1283 2207 qui
1320 2156 1411 2194 facit
1445 2155 1558 2193 haec:

265 2221 424 2266 propter
455 2215 524 2253 has
556 2215 658 2253 enim
682 2214 990 2253 abominationes
1014 2214 1198 2253 dominus
1220 2212 1431 2252 eradicabit
1452 2224 1517 2251 eos
1539 2224 1560 2251 a

266 2278 315 2310 te.
377 2277 418 2310 tu
450 2278 579 2310 autem
613 2278 910 2311 consummatus
942 2271 1018 2311 eris
1040 2283 1169 2310 coram
1194 2270 1353 2309 domino
1376 2270 1447 2308 deo
1470 2275 1560 2308 tuo:

265 2335 398 2378 gentes
433 2328 536 2367 enim
568 2329 663 2367 istae
695 2341 790 2380 quas
822 2335 864 2368 tu
895 2328 1111 2381 possidebis
1143 2327 1303 2379 auguria
1335 2333 1373 2366 et
1405 2325 1560 2365 diuina-

266 2386 390 2424 tiones
413 2386 588 2431 audiunt,
613 2385 680 2424 tibi
703 2392 831 2424 autem
851 2398 929 2424 non
948 2386 999 2424 ita
1017 2385 1121 2424 dedit
1139 2384 1321 2423 dominus
1339 2384 1435 2422 deus
1453 2388 1559 2422 tuus.

276 2441 341 2488 19,
374 2442 441 2490 16,
472 2442 526 2482 20
560 2442 634 2495 (---
653 2449 679 2481 t.
718 2440 822 2495 VIII)
860 2442 1015 2495 Lucifer
1045 2443 1087 2482 cle
1118 2442 1321 2481 Athanasio
1352 2440 1389 2486 1,
1425 2441 1465 2478 7:

266 2499 308 2538 Si
338 2506 468 2538 autem
500 2500 650 2539 steterit
681 2500 792 2538 testis
828 2499 999 2539 iniustus
1035 2500 1225 2538 aduersus
1256 2497 1456 2536 hominem
1490 2496 1558 2535 de-

265 2556 424 2595 trahens
455 2557 487 2595 ei
520 2556 780 2608 iniquitatem,
813 2557 972 2596 stabunt
1002 2557 1079 2596 duo
1102 2555 1293 2601 homines,
1325 2553 1466 2605 quibus
1498 2560 1559 2592 est

263 2612 359 2664 ipsis
395 2614 661 2659 contradictio,
694 2620 784 2652 ante
815 2613 1018 2653 dominum
1056 2619 1095 2652 et
1124 2619 1213 2651 ante
1245 2611 1486 2651 sacerdotem
1519 2618 1558 2650 et

264 2669 305 2708 in
342 2677 554 2722 conspectu
591 2670 724 2710 iudicii
754 2670 993 2722 quicumque
1025 2669 1143 2709 fuerit
1173 2670 1211 2707 in
1243 2668 1379 2707 diebus
1410 2668 1485 2708 illis
1510 2673 1556 2708 ‘et

266 2725 560 2778 interrogabunt
605 2727 809 2779 diligenter
852 2727 997 2767 iudices
1035 2734 1074 2766 et
1110 2739 1198 2766 ecce
1236 2725 1347 2766 testis
1384 2725 1556 2766 iniustus
