1823 3016
687 154 804 158 —
868 129 952 169 205
1014 152 1132 156 —
1243 136 1427 163 eonsvm.
1448 126 1479 165 ἱ),
1500 128 1586 166 3-3,
1601 139 1625 162 2.

198 247 369 299 aequalis
401 253 534 298 posset
564 247 729 298 ostendi,
762 259 883 286 uacua
914 253 953 285 et
983 245 1109 284 inanis
1142 244 1359 296 specialiter
1390 251 1622 283 remaneret.

105 295 137 337 2⁹
163 304 304 344 ⁴Adde
343 304 445 355 quod
479 304 562 343 sine
604 304 735 342 uxoris
774 302 1010 342 conscientia
1049 302 1212 341 maritus
1251 301 1391 339 dicitur
1429 301 1623 346 definisse,

199 361 350 412 qualem
374 360 519 412 poterit
540 360 681 399 habere
704 357 922 400 uirtutem?
954 365 1021 398 aut
1042 359 1134 410 quid
1158 358 1313 403 ualebit,
1337 369 1424 396 cum
1449 358 1621 408 primum

105 414 137 457 2,
161 426 177 450 5
197 430 295 457 uxor
332 418 406 456 hoc
442 417 625 467 refragari
663 415 860 456 uoluerit?
907 416 982 455 Sed
1019 428 1066 454 ne
1098 418 1197 454 forte
1229 414 1330 453 dicat
1362 414 1549 464 ‘amplexa
1582 426 1622 452 es

197 473 442 513 ‘diuisionem
490 481 528 512 et
572 474 801 524 acquieuisti
847 473 963 512 rebus
1001 472 1160 517 diuisis',
1207 471 1525 522 respondendum
1558 476 1618 507 est
1668 472 1688 506 5

195 530 367 581 legaliter
398 536 435 569 et
467 543 536 581 pro
570 530 677 569 omni
708 530 872 569 ueritate
902 530 976 568 hoc
1007 529 1223 580 specialiter
1255 528 1492 572 habendum,
1531 526 1622 576 quia

195 588 311 626 etiam
350 587 452 625 inter
482 586 649 625 maiores
680 599 868 638 personas
900 592 938 625 et
968 586 1107 636 legales
1139 586 1171 624 si
1203 585 1448 623 fraudulenta
1481 582 1622 623 dinisio

194 644 293 682 facta
331 644 531 695 probetur,
578 643 727 692 legibus
768 643 1013 689 rescinditur,
1061 649 1099 681 et
1138 656 1156 681 a
1196 641 1321 680 iudice
1360 641 1501 680 diuisio
1539 640 1621 690 ipsa

195 700 492 739 aestimantibus
540 700 689 750 magnis
736 700 832 738 uiris
878 700 924 739 ad
971 699 1130 738 meliora
1176 698 1397 744 reducitur,
1445 704 1483 736 et
1523 699 1622 735 facta

195 757 515 808 compensatione
559 756 710 795 firmior
756 757 896 795 diuisio
943 756 1215 803 constituitur,
1268 755 1370 794 sicut
1414 754 1475 793 lex
1520 754 1620 793 infra
1651 755 1695 788 10

200 814 343 864 scripta
376 813 546 852 euidenti
578 813 743 852 lectione
771 813 950 852 declarat.

103 860 135 904 2²
163 873 179 898 ὓ
256 870 312 908 Ex
345 883 506 921 corpore
539 870 696 919 Gregor.
729 869 826 908 libro
858 870 930 908 111:

310 926 568 978 Imperatores
591 926 851 965 Diocletianus
875 933 912 965 et
934 926 1190 965 Maximianus
1208 924 1284 962 AA.
1303 923 1480 962 Aureliae
1499 924 1622 962 Seue—

196 995 272 1021 rae.
333 983 391 1022 An
438 983 590 1030 diuisio,
637 995 752 1033 quam
791 983 868 1021 iam
909 984 1046 1021 factam
1085 995 1168 1021 esse
1211 982 1409 1032 proponis,
1457 979 1624 1019 conuelli

197 1038 346 1086 debeat,
392 1046 520 1078 rector
564 1038 789 1090 prouinciae
835 1045 1038 1090 praesente
1075 1044 1184 1090 parte
1221 1037 1374 1076 diuersa
1418 1037 1623 1086 diligenter
1653 1039 1693 1073 15

197 1095 450 1134 examinabit:
498 1101 535 1134 et
580 1094 612 1133 si
658 1095 860 1133 fraudibus
907 1107 991 1133 eam
1038 1107 1118 1133 non
1156 1094 1325 1132 caruisse
1370 1094 1621 1144 perspexerit,

196 1152 349 1201 quando
381 1151 495 1190 etiam
529 1150 742 1190 maioribus
770 1151 809 1189 in
832 1163 1034 1202 perperam
1069 1150 1180 1189 factis
1212 1149 1470 1188 diuisionibus
1502 1149 1623 1188 soleat

195 1207 409 1255 subueniri,
443 1207 545 1258 quod
577 1207 801 1258 improbum
835 1213 950 1258 atque
972 1207 1228 1258 inaequaliter
1249 1208 1393 1244 sactum
1418 1218 1503 1244 esse
1526 1217 1623 1244 con-

195 1263 349 1310 stiterit,
395 1265 434 1302 in
475 1263 613 1302 melius
646 1263 886 1303 reformabit.
933 1264 1007 1302 PP.
1039 1264 1141 1302 XVII
1179 1263 1364 1302 kalendas
1410 1263 1480 1301 Iul.
1526 1262 1621 1313 ipsis
1651 1262 1692 1295 19

198 1320 246 1358 vl
278 1326 316 1359 et
347 1320 575 1359 Constantio
608 1320 658 1358 Ill
690 1333 817 1359 conss.
1642 1337 1666 1354 a.
1687 1330 1739 1355 290

102 1375 133 1418 2,
160 1385 174 1411 ⁷
252 1377 347 1415 Item
381 1377 453 1416 alia
485 1378 620 1416 eodem
652 1377 751 1416 libro
783 1384 821 1416 et
852 1389 1029 1429 corpore:

306 1433 431 1485 Impp.
459 1433 721 1472 Diocletianus
744 1441 782 1472 et
803 1434 1060 1473 Maximianus
1093 1434 1167 1471 ΑΑ.
1190 1432 1383 1483 Aproniae
1416 1431 1620 1470 Mammae.

194 1488 235 1528 Si
273 1489 413 1529 diuisio
445 1490 549 1529 inter
579 1496 616 1529 te
648 1496 686 1529 et
717 1503 891 1529 sororem
925 1497 1031 1529 tuam
1064 1502 1142 1528 non
1176 1490 1276 1528 bona
1308 1489 1382 1527 fide
1415 1490 1510 1527 facta
1550 1494 1619 1529 est,

192 1546 306 1584 etiam
340 1547 434 1586 citra
465 1547 690 1598 principalis
717 1547 978 1586 restitutionis
1000 1546 1198 1593 auxilium,
1231 1546 1334 1597 quod
1358 1545 1472 1584 etiam
1496 1544 1621 1583 maio-

191 1602 300 1641 ribus
323 1603 442 1642 tribui
465 1604 574 1650 solet,
597 1604 643 1642 ad
666 1604 871 1654 aequitatis
894 1610 1248 1655 temperamentum
1272 1601 1474 1640 reformari
1492 1608 1621 1652 potest
1647 1607 1690 1641 25

192 1666 229 1697 et
260 1666 332 1698 cet.
374 1660 447 1698 PP.
470 1661 518 1699 VI
539 1660 721 1699 kalendas
744 1661 814 1699 Iul.
837 1660 1070 1699 Maximiano
1093 1660 1125 1698 II
1147 1666 1185 1698 et
1205 1659 1356 1710 Aquilia
1380 1658 1618 1697 consulibus.
1639 1677 1663 1694 a.
1685 1669 1737 1695 286

100 1712 132 1758 3,
158 1727 172 1750 1
308 1717 438 1756 Tertio
470 1717 554 1756 loco
593 1717 654 1756 uel
686 1717 811 1768 capite
842 1717 1161 1768 interrogandum
1194 1729 1257 1754 me
1289 1715 1493 1767 specialius
1525 1727 1619 1753 cen-

191 1773 316 1820 suisti,
350 1780 483 1813 utrum
517 1780 650 1812 contra
681 1774 868 1812 iudicium
903 1774 949 1813 iri
980 1774 1116 1825 possit,
1148 1773 1251 1824 quod
1284 1773 1472 1811 aduersus
1497 1771 1617 1809 mari-

192 1835 275 1868 tum
315 1830 356 1868 in
397 1843 512 1869 causa
548 1830 723 1869 mulieris
765 1830 875 1882 prius
913 1831 1045 1869 datum
1088 1837 1158 1876 est,
1207 1843 1250 1868 eo
1290 1829 1392 1880 quod
1436 1828 1618 1866 mandato

191 1899 287 1925 usus
323 1887 443 1925 fuerit
479 1886 611 1925 uxoris
650 1899 741 1925 suae
782 1894 820 1927 et
861 1887 900 1925 in
939 1900 1052 1926 causa
1093 1886 1175 1938 ipsa
1216 1886 1346 1925 uictus
1388 1884 1619 1924 abscesserit
1645 1885 1690 1919 00

191 1949 229 1981 et
275 1949 408 1982 contra
454 1955 542 1982 eum
589 1943 778 1983 iudicium
825 1944 1020 1995 prolatum
1069 1943 1197 1982 fuerit.
1258 1942 1440 1981 addidisti
1486 1941 1616 1987 etiam,

190 2000 295 2050 quod
332 1999 558 2039 mandatum
597 2012 725 2051 neque
763 2000 881 2051 gestis
919 2001 1092 2051 legaliter
1129 2000 1248 2040 fuerit
1279 2000 1499 2049 allegatum,
1546 2010 1618 2036 nec

189 2056 459 2095 satisdatorem
498 2056 667 2096 dedisset
704 2057 766 2096 ille
796 2057 879 2109 ipse
910 2063 1141 2109 procurator
1173 2057 1218 2095 ab
1251 2069 1370 2095 uxore
1402 2059 1539 2101 factus,
1580 2060 1618 2092 et

95 2113 128 2153 3,
154 2112 246 2151 2sic
276 2125 432 2152 causam
467 2113 639 2160 dixisset,
680 2126 794 2164 quam
830 2114 977 2165 agebat.
1038 2114 1148 2160 Quod
1182 2113 1214 2152 si
1245 2125 1383 2152 uerum
1418 2119 1489 2157 est,
1520 2111 1616 2150 illud

187 2168 374 2208 iudicium
408 2169 482 2209 dici
512 2182 589 2208 non
620 2176 761 2222 potest.
814 2171 881 2210 sed
912 2184 984 2210 nec
1013 2170 1161 2209 iudices
1195 2170 1278 2209 sine
1311 2169 1545 2209 uerecundia
1578 2174 1616 2206 et
1642 2171 1686 2206 35

188 2226 431 2278 turpitudine
469 2233 596 2272 erunt,
635 2226 701 2278 qui
738 2240 945 2279 personam
983 2228 1022 2266 in
1059 2227 1144 2279 ipso
1182 2227 1260 2266 litis
1298 2226 1408 2265 initio
1440 2238 1519 2264 non
1551 2224 1614 2262 in-

282 2317 308 2338 c.
336 2306 368 2346 2,
395 2305 477 2337 6=
498 2306 571 2339 Cod.
598 2306 684 2338 last.
712 2307 741 2348 3,
769 2307 821 2349 38,
849 2308 880 2339 3.

188 2368 401 2377 vsrwvvvmaeae:
428 2371 434 2373 >
446 2371 451 2373 -
461 2369 1377 2378 >r'x'f”ssJV*Nu'sNNmaefae—›JV*JNaeN-VNNJJI¹*Jsssaea‘sa‘lff‘lsr¹»⁵-r'J«
1404 2373 1409 2374 γ
1421 2373 1425 2374 ⁷
1436 2372 1442 2374 <
1454 2373 1458 2374 γ
1470 2372 1475 2374 -
1486 2372 1491 2374 -

281 2405 317 2437 11
347 2405 499 2437 euidenti
527 2406 598 2437 Cui.
622 2406 703 2438 1577
732 2414 856 2437 errore.
889 2404 898 2447 ΙΙ
933 2406 970 2437 13
999 2409 1152 2446 seuerae]
1179 2406 1354 2448 septimine
1378 2404 1448 2436 Cui.
1470 2404 1565 2436 1560.
1603 2402 1613 2445 Ιὶ

188 2451 228 2484 16
261 2451 477 2493 prospexerit
505 2451 575 2482 Cal.
606 2450 700 2483 1556.
743 2450 753 2493 ΙΙ
798 2451 835 2484 17
865 2452 995 2492 quando
1022 2453 1118 2483 etiam
1138 2477 1145 2483 .
1166 2476 1172 2483 .
1194 2477 1199 2482 .
1225 2451 1347 2488 soleat]
1374 2449 1525 2491 quamuis
1550 2472 1556 2478 .
1581 2472 1613 2478 ..

187 2506 251 2527 non
277 2496 387 2528 soleat
415 2496 489 2528 Cui.
518 2496 614 2529 1566.
668 2494 679 2538 l]
732 2497 764 2528 in
792 2506 856 2527 o‘m.
889 2496 959 2528 Cui.
988 2497 1084 2529 1577.
1133 2496 1144 2538 ΙΙ
1196 2497 1234 2528 13
1261 2496 1359 2537 quod]
1390 2500 1499 2526 tamen
1527 2494 1612 2535 quod

194 2541 263 2573 Cui.
294 2541 389 2574 1566.
433 2541 444 2582 [l
489 2542 528 2573 19
561 2542 646 2583 ipsis
678 2541 734 2573 llll
765 2546 799 2573 et
830 2540 871 2572 ΙΙΙ
903 2552 953 2574 aa,
987 2553 1095 2574 conss.
1128 2541 1205 2573 Cod.
1232 2541 1316 2573 Just.
1342 2542 1442 2572 recte.
1486 2538 1495 2581 ll
1539 2539 1614 2570 iulii

188 2585 259 2618 Cui.
288 2587 384 2619 1577.
427 2585 437 2629 ΙΙ
480 2587 522 2618 20
549 2588 763 2619 constantino
792 2585 861 2618 Cui.
893 2587 988 2619 1566.
1032 2587 1042 2629 ΙΙ
1085 2588 1127 2619 24
1153 2586 1338 2629 principale
1369 2584 1559 2625 Cuz‘.15Qss.
1602 2583 1614 2627 ll

187 2631 230 2662 26
248 2632 359 2708 aqcuila
379 2631 451 2664 Cm'.
474 2632 576 2664 1577:
598 2633 742 2664 inaximo
760 2631 788 2663 II
806 2637 840 2664 et
857 2632 1006 2674 aquilino
1024 2634 1221 2675 requiritur.
1259 2630 1268 2672 Η
1304 2632 1345 2663 34
1373 2640 1467 2673 quain
1493 2630 1614 2671 agebat

189 2686 251 2708 om.
308 2678 473 2711 ui.1586.
