1823 3016
625 129 1069 170 —131—-

133 249 294 302 quidem
327 248 424 293 loco,
459 247 523 286 ubi
556 248 706 287 codices
729 246 952 287 Collationis
981 246 1172 298 duplicem
1197 246 1563 297 interpretationem

137 308 241 346 iuxta
272 312 424 356 ponunt
447 311 472 343 t.
495 304 581 343 XIII
603 323 658 338 Ξ
679 305 790 344 Dent.
810 304 939 350 XVIII,
971 303 1270 355 Ilieronymiana
1300 302 1469 342 adhibita
1493 310 1563 349 est,

136 364 203 403 sed
251 362 437 401 differunt
482 362 528 400 ab
573 375 614 400 ea
652 363 824 408 ambae),
870 362 971 400 inter
1009 360 1414 411 anteliieronymianas
1453 359 1565 410 (quas

136 420 266 460 solent
299 419 415 469 uulgo
448 419 650 470 complecti
684 419 756 458 sub
788 418 946 457 nomine
967 417 1100 467 Italae)
1132 429 1208 463 eas,
1241 428 1406 467 quarum
1430 416 1564 455 notitia

136 477 183 516 ad
231 488 302 515 nos
349 476 546 527 peruenit,
601 488 693 514 num
743 475 1058 527 deprehendatur
1102 474 1149 513 ad
1195 486 1311 525 quam
1360 473 1454 512 haec
1499 486 1565 511 ex-

136 540 269 584 cerpta
301 539 404 571 recte
438 533 594 578 referas,
627 533 802 583 quaesiui
833 539 871 571 et
902 533 984 571 eius
1016 532 1071 570 rei
1101 532 1221 581 gratia
1244 531 1445 582 composui
1468 542 1567 581 quae

137 590 235 629 mihi
271 589 531 629 innotuerunt
561 590 606 628 ad
639 591 706 628 1133
738 596 866 640 partes
898 588 1144 640 pertinentia,
1179 588 1377 639 sumpta¹)
1418 587 1487 625 alia
1519 599 1566 625 ex

137 646 269 686 codice
302 646 481 696 Lugduni
514 646 653 685 Galliae
694 647 898 685 adseruato
938 646 1012 692 (ed.
1046 645 1199 697 Vlysses
1231 644 1376 683 Robert
1408 643 1566 682 Parisiis

137 717 170 743 3.
193 703 330 754 1881),
354 704 425 742 3113
448 716 492 742 ex
512 703 824 754 wirceburgensi
848 703 922 751 (ed.
946 702 1079 741 Ranke
1103 701 1350 741 vindobonae
1372 714 1404 739 3.
1428 700 1565 749 1871),

135 761 208 800 alia
242 761 408 811 denique
450 773 495 798 ex
534 767 689 811 patrum
722 760 906 799 ecclesiae
938 759 1243 810 adlegationibus
1286 758 1514 810 compositis
1546 770 1566 796 3

140 817 354 857 Sabatierio
387 824 425 855 et
455 830 501 855 ex
534 817 698 867 Speculo
730 816 938 868 Augustini
969 815 1367 868 antehieronymiano.

138 874 354 919 1330320,
379 873 433 913 16
464 874 535 925 (z
556 882 580 913 t.
604 873 677 925 IX)
714 875 943 926 Auqustz‘nus
975 880 1112 926 quaest.
1150 875 1190 912 in
1225 873 1337 912 exod.
1377 871 1425 918 II,
1453 872 1516 916 71,
1539 870 1567 910 6

196 930 242 984 (3
257 945 296 983 p.
319 931 402 971 415
424 931 492 982 B):

273 988 428 1027 Falsum
455 987 723 1026 testimonium
748 999 824 1025 non
849 986 952 1026 dices
975 987 1165 1025 aduersus
1189 985 1412 1037 proximum
1440 992 1565 1024 tuum.

332 1044 485 1095 Lucifer
518 1044 560 1083 (Ie
594 1044 795 1083 Athanasio
819 1044 857 1089 1,
877 1043 925 1083 3:

273 1100 358 1139 Non
381 1102 520 1139 falsum
546 1100 814 1139 testimonium
840 1100 941 1139 dices
963 1100 1150 1139 aduersus
1183 1098 1407 1150 proximum
1438 1105 1565 1137 tuum.

334 1158 565 1209 Auqustinus
594 1170 690 1208 spec.
724 1170 750 1196 c.
775 1156 849 1196 42:

271 1214 357 1253 Non
381 1215 484 1253 dices
506 1214 645 1253 falsum
671 1214 941 1253 testimonium
970 1214 1160 1253 aduersus
1191 1212 1414 1264 proximum
1439 1218 1565 1250 tuum.

139 1273 259 1313 Emod.
283 1271 349 1318 21,
374 1270 439 1310 18.
463 1271 516 1311 19
548 1270 622 1323 (z
643 1278 667 1310 t.
691 1270 760 1323 II).
791 1270 859 1311 20.
881 1271 936 1310 21
974 1270 1045 1323 (=
1068 1278 1091 1310 t.
1115 1268 1189 1320 III)
1230 1281 1279 1308 ex
1309 1268 1568 1320 Luydzmensi:

277 1329 315 1368 Si
338 1335 467 1367 autem
500 1328 738 1379 litigauerint
769 1329 845 1368 duo
877 1328 952 1367 uiri
982 1335 1018 1367 et
1050 1326 1287 1379 percusserit
1316 1327 1403 1377 quis
1434 1325 1567 1377 proxi-

279 1398 387 1425 mum
412 1398 525 1424 suum
559 1386 684 1437 lapide
714 1391 781 1424 aut
812 1386 917 1436 ligno
950 1392 988 1424 61
1009 1397 1088 1424 11011
1120 1384 1239 1422 fuerit
1270 1389 1462 1428 mortuus,
1496 1383 1567 1421 de—

274 1443 456 1482 cubuerit
479 1450 608 1482 3316111
637 1443 676 1481 in
709 1443 819 1488 lecto,
852 1449 890 1482 et
922 1443 952 1481 si
980 1454 1144 1493 surgens
1167 1440 1426 1479 ambulauerit
1448 1441 1566 1478 homo

275 1499 370 1538 foris
393 1512 481 1538 cum
517 1499 664 1546 baculo,
697 1498 884 1538 innocens
907 1499 979 1538 erit
1011 1499 1073 1537 ille
1094 1497 1161 1549 qui
1183 1497 1420 1549 percusserit
1450 1509 1564 1535 eum:

275 1563 549 1595 uerumtainen
571 1556 674 1607 quod
706 1556 871 1595 cessauit
906 1564 942 1595 et
975 1556 1123 1595 medico
1151 1566 1285 1593 curam
1316 1554 1420 1593 illius
1447 1553 1566 1592 dabit.

273 1613 306 1652 si
344 1614 431 1664 quis
477 1620 606 1652 3316111
650 1613 887 1665 percusserit
923 1625 1083 1652 seruum
1125 1624 1239 1650 suum
1281 1617 1348 1650 aut
1385 1611 1565 1649 ancillam

275 1683 384 1709 suam
409 1670 454 1708 de
486 1672 601 1717 fuste,
640 1677 679 1709 et
710 1677 890 1709 mortuus
921 1670 1040 1709 fuerit
1071 1669 1144 1708 sub
1177 1681 1316 1707 manus
1348 1667 1443 1714 eius,
1475 1669 1565 1706 uin-

271 1727 373 1766 dicio
405 1728 638 1766 uindicetur.
700 1728 732 1766 si
764 1740 856 1766 uero
888 1726 1150 1779 superuixerit
1180 1725 1240 1764 die
1274 1737 1351 1764 uno
1384 1726 1443 1763 361
1467 1724 1566 1763 duo-

275 1784 360 1830 bus,
393 1797 470 1823 non
506 1784 783 1823 uindicabitur:
818 1785 986 1836 pretium
1019 1784 1121 1823 enim
1154 1783 1257 1821 illius
1289 1788 1359 1821 est.

332 1842 560 1893 Augustam
591 1854 684 1893 spec.
718 1855 745 1880 c.
769 1840 844 1882 55².-

275 1898 315 1937 Si
353 1905 482 1937 autem
521 1899 753 1937 rixabuntur
789 1899 865 1938 duo
906 1897 980 1937 uiri
1011 1903 1049 1936 et
1080 1896 1319 1949 percusserit
1349 1894 1487 1946 aliquis
1521 1907 1567 1933 ex

274 1954 335 1993 his
366 1956 586 2007 proximum
620 1968 736 1994 suum
767 1956 891 2007 lapide
922 1961 989 1994 331
1020 1967 1150 2006 pugno
1186 1960 1253 1992 331
1284 1955 1386 1991 ferro
1418 1959 1457 1991 et
1487 1964 1566 1991 non

275 2012 394 2051 fuerit
431 2019 631 2059 mortuUS,
672 2012 901 2052 decubuerit
938 2018 1069 2051 autem
1108 2013 1147 2050 in
1185 2011 1284 2049 lecto
1322 2022 1412 2056 suo,
1459 2015 1498 2048 61
1535 2009 1567 2047 31

273 2069 494 2108 exsurrexit
531 2070 647 2108 homo
680 2076 719 2109 et
749 2070 1009 2109 ambulauerit
1039 2081 1129 2108 cum
1171 2067 1330 2113 1136310,
1370 2066 1565 2105 innocuus

273 2125 348 2165 erit
389 2127 453 2177 qui
496 2126 708 2177 percussit:
748 2134 899 2166 tantum
937 2126 1039 2177 quod
1077 2125 1315 2165 cessationes
1345 2123 1427 2162 eius
1461 2123 1567 2162 dabit

275 2189 313 2221 et
344 2183 578 2222 curationes.
639 2184 668 2222 si
706 2184 793 2235 quis
824 2190 955 2223 autem
987 2182 1226 2235 percusserit
1256 2193 1416 2220 seruum
1449 2192 1566 2219 suum

272 2246 342 2278 331
365 2240 543 2279 ancillam
567 2253 676 2279 snam
703 2241 808 2292 uirga
830 2247 868 2280 et
890 2247 1070 2280 mortuus
1092 2239 1210 2279 fuerit
1231 2238 1304 2278 sub
1328 2249 1446 2276 manu
1469 2237 1565 2281 eius,

273 2296 416 2336 iudicio
456 2297 693 2336 uindicetur:
732 2299 763 2336 si
798 2310 890 2337 uero
923 2296 1185 2350 superuixerit
1216 2296 1318 2334 diem
1352 2306 1473 2334 unum
1507 2294 1567 2332 uel

273 2353 384 2399 duos,
417 2367 496 2393 non
529 2354 804 2402 uindicabitur,
837 2355 1007 2406 pretium
1041 2354 1145 2393 enirn
1179 2353 1263 2392 eius
1294 2359 1366 2391 est.

137 2408 261 2506 ΕωὲΞ.
282 2410 350 2456 21,
372 2411 428 2450 21
460 2410 533 2464 (=
553 2418 578 2451 t.
602 2410 665 2451 ΙΙΙ
663 2410 678 2463 )
706 2412 937 2463 Augustinus
958 2411 1068 2451 locut.
1091 2415 1132 2451 in
1154 2409 1287 2450 Exodo
1308 2407 1361 2454 II,
1382 2407 1437 2448 99
1465 2406 1509 2459 (3
1528 2419 1564 2459 p.

275 2524 314 2564 Si
329 2525 417 2576 quis
429 2525 667 2578 percusserit
680 2537 838 2564 seruum
853 2538 969 2565 suum
987 2531 1055 2564 aut
1071 2523 1248 2563 ancillam
1263 2534 1374 2561 suam
1386 2521 1425 2560 in
1440 2521 1560 2572 uirga.

338 2593 403 2600 MN

235 2615 260 2654 ¹)
285 2616 400 2659 Neque
427 2618 516 2650 liber
540 2617 754 2650 Monacensis
781 2617 869 2649 6239
894 2628 912 2649 a
937 2617 1095 2658 Zieglero
1122 2616 1230 2648 editus
1257 2624 1361 2656 neque
1381 2613 1566 2646 Vaticanus

138 2659 391 2695 ottobonianus
417 2664 460 2695 66
490 2664 617 2706 publici
643 2663 730 2695 iuris
757 2662 865 2695 factus
890 2674 910 2695 a
936 2663 1153 2697 Vercellouio
1179 2661 1302 2693 habent
1327 2669 1410 2702 quae
1437 2658 1567 2691 nostris

137 2705 222 2738 locis
253 2708 489 2750 respondeant.

633 2594 728 2600 (W
731 2589 1542 2601 mmmmwfaemmwsfwmmvm
1545 2589 1560 2595 v

1300 2763 1345 2798 9*
