<?xml version="1.0" encoding="UTF-8"?>
<!DOCTYPE html PUBLIC "-//W3C//DTD XHTML 1.0 Transitional//EN"
    "http://www.w3.org/TR/xhtml1/DTD/xhtml1-transitional.dtd">
<html xmlns="http://www.w3.org/1999/xhtml" xml:lang="en" lang="en">
 <head>
  <title>
</title>
<meta http-equiv="Content-Type" content="text/html;charset=utf-8" />
  <meta name='ocr-system' content='tesseract 3.04.00' />
  <meta name='ocr-capabilities' content='ocr_page ocr_carea ocr_par ocr_line ocrx_word'/>
</head>
<body>
  <div class='ocr_page' id='page_1' title='image "./collectiolibroru03krue_0059.png"; bbox 0 0 1855 2957; ppageno 0'>
   <div class='ocr_carea' id='block_1_1' title="bbox 153 112 1574 152">
    <p class='ocr_par' dir='ltr' id='par_1_1' title="bbox 153 112 1574 152">
     <span class='ocr_line' id='line_1_1' title="bbox 153 112 1574 152; baseline 0.005 -7"><span class='ocrx_word' id='word_1_1' title='bbox 153 118 205 145; x_wconf 69' lang='lat' dir='ltr'><strong>AC</strong></span> <span class='ocrx_word' id='word_1_2' title='bbox 225 119 401 146; x_wconf 82' lang='lat' dir='ltr'>DOTIBVS.</span> <span class='ocrx_word' id='word_1_3' title='bbox 663 135 780 139; x_wconf 85' lang='lat'><strong>-—</strong></span> <span class='ocrx_word' id='word_1_4' title='bbox 842 112 897 152; x_wconf 82' lang='lat'><strong>49</strong></span> <span class='ocrx_word' id='word_1_5' title='bbox 962 137 1078 140; x_wconf 73' lang='lat'><strong>--</strong></span> <span class='ocrx_word' id='word_1_6' title='bbox 1258 122 1341 149; x_wconf 74' lang='lat' dir='ltr'>VAT.</span> <span class='ocrx_word' id='word_1_7' title='bbox 1362 123 1418 150; x_wconf 68' lang='grc' dir='ltr'><strong>ΕΒ,</strong></span> <span class='ocrx_word' id='word_1_8' title='bbox 1441 127 1574 152; x_wconf 74' lang='lat'>97—-102,</span> 
     </span>
    </p>
   </div>
   <div class='ocr_carea' id='block_1_2' title="bbox 56 228 1788 1761">
    <p class='ocr_par' dir='ltr' id='par_1_2' title="bbox 80 228 1788 393">
     <span class='ocr_line' id='line_1_2' title="bbox 80 228 1775 284; baseline 0.005 -16"><span class='ocrx_word' id='word_1_9' title='bbox 80 235 123 268; x_wconf 72' lang='lat'><strong>97</strong></span> <span class='ocrx_word' id='word_1_10' title='bbox 153 228 299 266; x_wconf 82' lang='lat' dir='ltr'><strong>Paulus</strong></span> <span class='ocrx_word' id='word_1_11' title='bbox 331 228 533 279; x_wconf 78' lang='lat' dir='ltr'>respondit</span> <span class='ocrx_word' id='word_1_12' title='bbox 563 229 600 268; x_wconf 90' lang='lat' dir='ltr'><strong>id</strong></span> <span class='ocrx_word' id='word_1_13' title='bbox 629 230 733 280; x_wconf 89' lang='lat' dir='ltr'><strong>quod</strong></span> <span class='ocrx_word' id='word_1_14' title='bbox 756 229 856 268; x_wconf 90' lang='lat' dir='ltr'><strong>dotis</strong></span> <span class='ocrx_word' id='word_1_15' title='bbox 879 229 1038 268; x_wconf 88' lang='lat' dir='ltr'><strong>nomine</strong></span> <span class='ocrx_word' id='word_1_16' title='bbox 1062 230 1200 269; x_wconf 83' lang='lat' dir='ltr'><strong>marito</strong></span> <span class='ocrx_word' id='word_1_17' title='bbox 1229 230 1361 269; x_wconf 87' lang='lat' dir='ltr'><strong>datum</strong></span> <span class='ocrx_word' id='word_1_18' title='bbox 1393 239 1451 271; x_wconf 89' lang='lat' dir='ltr'><strong>est</strong></span> <span class='ocrx_word' id='word_1_19' title='bbox 1481 241 1570 284; x_wconf 83' lang='lat' dir='ltr'><strong>post</strong></span> <span class='ocrx_word' id='word_1_20' title='bbox 1613 250 1723 275; x_wconf 62' lang='lat' dir='ltr'><strong>mvn.</strong></span> <span class='ocrx_word' id='word_1_21' title='bbox 1747 252 1775 276; x_wconf 66' lang='lat' dir='ltr'><strong>c.</strong></span> 
     </span>
     <span class='ocr_line' id='line_1_3' title="bbox 153 285 1788 339; baseline 0.004 -16"><span class='ocrx_word' id='word_1_22' title='bbox 153 291 320 323; x_wconf 85' lang='lat' dir='ltr'><strong>mortem</strong></span> <span class='ocrx_word' id='word_1_23' title='bbox 345 285 509 330; x_wconf 74' lang='lat' dir='ltr'><strong>mariti¹‚</strong></span> <span class='ocrx_word' id='word_1_24' title='bbox 541 289 575 325; x_wconf 80' lang='lat' dir='ltr'><strong>si</strong></span> <span class='ocrx_word' id='word_1_25' title='bbox 593 287 697 325; x_wconf 87' lang='lat' dir='ltr'><strong>nulla</strong></span> <span class='ocrx_word' id='word_1_26' title='bbox 721 299 828 326; x_wconf 87' lang='lat' dir='ltr'><strong>mora</strong></span> <span class='ocrx_word' id='word_1_27' title='bbox 850 286 1083 332; x_wconf 75' lang='lat' dir='ltr'><strong>intercessit,</strong></span> <span class='ocrx_word' id='word_1_28' title='bbox 1106 288 1206 339; x_wconf 88' lang='lat' dir='ltr'><strong>apud</strong></span> <span class='ocrx_word' id='word_1_29' title='bbox 1231 288 1412 326; x_wconf 76' lang='lat' dir='ltr'>heredem</span> <span class='ocrx_word' id='word_1_30' title='bbox 1439 291 1567 329; x_wconf 83' lang='lat' dir='ltr'><strong>mariti</strong></span> <span class='ocrx_word' id='word_1_31' title='bbox 1600 285 1650 310; x_wconf 58' lang='lat'><strong>*¹¹</strong></span> <span class='ocrx_word' id='word_1_32' title='bbox 1684 286 1788 311; x_wconf 43' lang='lat' dir='ltr'><strong>“Eff-</strong></span> 
     </span>
     <span class='ocr_line' id='line_1_4' title="bbox 152 348 645 393; baseline 0.006 -14"><span class='ocrx_word' id='word_1_33' title='bbox 152 353 355 380; x_wconf 87' lang='lat' dir='ltr'><strong>remanere</strong></span> <span class='ocrx_word' id='word_1_34' title='bbox 387 348 579 393; x_wconf 78' lang='lat' dir='ltr'><strong>oportere.</strong></span> <span class='ocrx_word' id='word_1_35' title='bbox 606 367 645 382; x_wconf 48' lang='grc' dir='ltr'><strong>κ</strong></span> 
     </span>
    </p>

    <p class='ocr_par' dir='ltr' id='par_1_3' title="bbox 80 397 1572 665">
     <span class='ocr_line' id='line_1_5' title="bbox 80 397 1570 451; baseline 0.002 -14"><span class='ocrx_word' id='word_1_36' title='bbox 80 404 125 437; x_wconf 87' lang='grc'><strong>98</strong></span> <span class='ocrx_word' id='word_1_37' title='bbox 151 397 297 436; x_wconf 87' lang='lat' dir='ltr'><strong>Paulus</strong></span> <span class='ocrx_word' id='word_1_38' title='bbox 329 399 530 449; x_wconf 86' lang='lat' dir='ltr'><strong>respondit</strong></span> <span class='ocrx_word' id='word_1_39' title='bbox 561 400 854 451; x_wconf 81' lang='lat' dir='ltr'><strong>stipulationem</strong></span> <span class='ocrx_word' id='word_1_40' title='bbox 891 400 1048 451; x_wconf 88' lang='lat' dir='ltr'><strong>quidem</strong></span> <span class='ocrx_word' id='word_1_41' title='bbox 1087 400 1126 438; x_wconf 91' lang='lat' dir='ltr'><strong>in</strong></span> <span class='ocrx_word' id='word_1_42' title='bbox 1158 400 1262 439; x_wconf 92' lang='lat' dir='ltr'><strong>hunc</strong></span> <span class='ocrx_word' id='word_1_43' title='bbox 1299 414 1433 440; x_wconf 84' lang='lat' dir='ltr'><strong>casum</strong></span> <span class='ocrx_word' id='word_1_44' title='bbox 1476 415 1570 440; x_wconf 84' lang='lat' dir='ltr'><strong>con-</strong></span> 
     </span>
     <span class='ocr_line' id='line_1_6' title="bbox 151 456 1571 506; baseline 0.003 -14"><span class='ocrx_word' id='word_1_45' title='bbox 151 461 302 506; x_wconf 81' lang='lat' dir='ltr'><strong>ceptam</strong></span> <span class='ocrx_word' id='word_1_46' title='bbox 346 461 448 494; x_wconf 87' lang='lat' dir='ltr'><strong>‘cum</strong></span> <span class='ocrx_word' id='word_1_47' title='bbox 490 456 634 496; x_wconf 88' lang='lat' dir='ltr'><strong>moriar</strong></span> <span class='ocrx_word' id='word_1_48' title='bbox 675 457 767 496; x_wconf 88' lang='lat' dir='ltr'><strong>dari&#39;</strong></span> <span class='ocrx_word' id='word_1_49' title='bbox 806 457 940 496; x_wconf 88' lang='lat' dir='ltr'><strong>utilem</strong></span> <span class='ocrx_word' id='word_1_50' title='bbox 980 469 1077 503; x_wconf 88' lang='lat' dir='ltr'><strong>esse,</strong></span> <span class='ocrx_word' id='word_1_51' title='bbox 1118 456 1269 496; x_wconf 86' lang='lat' dir='ltr'><strong>etiamsi</strong></span> <span class='ocrx_word' id='word_1_52' title='bbox 1310 458 1419 496; x_wconf 79' lang='lat' dir='ltr'><strong>mixti</strong></span> <span class='ocrx_word' id='word_1_53' title='bbox 1459 471 1571 498; x_wconf 82' lang='lat' dir='ltr'><strong>casus</strong></span> 
     </span>
     <span class='ocr_line' id='line_1_7' title="bbox 151 512 1569 566; baseline 0.003 -16"><span class='ocrx_word' id='word_1_54' title='bbox 151 524 230 550; x_wconf 89' lang='lat' dir='ltr'><strong>non</strong></span> <span class='ocrx_word' id='word_1_55' title='bbox 278 512 607 561; x_wconf 77' lang='lat' dir='ltr'><strong>interuenirent2;</strong></span> <span class='ocrx_word' id='word_1_56' title='bbox 654 520 698 554; x_wconf 92' lang='lat' dir='ltr'><strong>ut</strong></span> <span class='ocrx_word' id='word_1_57' title='bbox 746 520 876 553; x_wconf 88' lang='lat' dir='ltr'><strong>autem</strong></span> <span class='ocrx_word' id='word_1_58' title='bbox 929 514 974 553; x_wconf 90' lang='lat' dir='ltr'><strong>de</strong></span> <span class='ocrx_word' id='word_1_59' title='bbox 1025 514 1114 553; x_wconf 89' lang='lat' dir='ltr'><strong>dote</strong></span> <span class='ocrx_word' id='word_1_60' title='bbox 1164 527 1246 561; x_wconf 73' lang='lat' dir='ltr'><strong>sua,</strong></span> <span class='ocrx_word' id='word_1_61' title='bbox 1300 528 1414 566; x_wconf 89' lang='lat' dir='ltr'><strong>quam</strong></span> <span class='ocrx_word' id='word_1_62' title='bbox 1470 517 1569 566; x_wconf 85' lang='lat' dir='ltr'><strong>apud</strong></span> 
     </span>
     <span class='ocr_line' id='line_1_8' title="bbox 153 568 1572 618; baseline 0.003 -12"><span class='ocrx_word' id='word_1_63' title='bbox 153 568 337 607; x_wconf 88' lang='lat' dir='ltr'><strong>maritum</strong></span> <span class='ocrx_word' id='word_1_64' title='bbox 385 569 512 617; x_wconf 81' lang='lat' dir='ltr'><strong>habet,</strong></span> <span class='ocrx_word' id='word_1_65' title='bbox 560 570 711 610; x_wconf 90' lang='lat' dir='ltr'><strong>mulieri</strong></span> <span class='ocrx_word' id='word_1_66' title='bbox 759 571 892 610; x_wconf 87' lang='lat' dir='ltr'><strong>testari</strong></span> <span class='ocrx_word' id='word_1_67' title='bbox 938 572 1061 618; x_wconf 84' lang='lat' dir='ltr'><strong>liceat,</strong></span> <span class='ocrx_word' id='word_1_68' title='bbox 1108 571 1300 610; x_wconf 75' lang='lat' dir='ltr'><strong>inutiliter</strong></span> <span class='ocrx_word' id='word_1_69' title='bbox 1338 573 1572 612; x_wconf 86' lang='lat' dir='ltr'><strong>conuenisse</strong></span> 
     </span>
     <span class='ocr_line' id='line_1_9' title="bbox 155 625 359 665; baseline 0.005 -1"><span class='ocrx_word' id='word_1_70' title='bbox 155 625 290 664; x_wconf 91' lang='lat' dir='ltr'><strong>uideri.</strong></span> <span class='ocrx_word' id='word_1_71' title='bbox 317 650 359 665; x_wconf 53' lang='grc' dir='ltr'><strong><em>Ν</em></strong></span> 
     </span>
    </p>

    <p class='ocr_par' dir='ltr' id='par_1_4' title="bbox 79 682 1571 790">
     <span class='ocr_line' id='line_1_10' title="bbox 79 682 1571 737; baseline 0 -13"><span class='ocrx_word' id='word_1_72' title='bbox 79 691 124 724; x_wconf 82' lang='grc'><strong>99</strong></span> <span class='ocrx_word' id='word_1_73' title='bbox 151 682 297 721; x_wconf 90' lang='lat' dir='ltr'><strong>Paulus</strong></span> <span class='ocrx_word' id='word_1_74' title='bbox 329 683 531 735; x_wconf 86' lang='lat' dir='ltr'><strong>respondit</strong></span> <span class='ocrx_word' id='word_1_75' title='bbox 565 684 681 723; x_wconf 85' lang='lat' dir='ltr'><strong>filiam</strong></span> <span class='ocrx_word' id='word_1_76' title='bbox 715 684 879 723; x_wconf 82' lang='lat' dir='ltr'><strong>familias</strong></span> <span class='ocrx_word' id='word_1_77' title='bbox 911 697 957 723; x_wconf 78' lang='lat' dir='ltr'><strong>ex</strong></span> <span class='ocrx_word' id='word_1_78' title='bbox 989 684 1089 723; x_wconf 90' lang='lat' dir='ltr'><strong>dotis</strong></span> <span class='ocrx_word' id='word_1_79' title='bbox 1120 684 1288 724; x_wconf 88' lang='lat' dir='ltr'><strong>dictione</strong></span> <span class='ocrx_word' id='word_1_80' title='bbox 1310 685 1471 737; x_wconf 85' lang='lat' dir='ltr'><strong>obligari</strong></span> <span class='ocrx_word' id='word_1_81' title='bbox 1494 699 1571 725; x_wconf 85' lang='lat' dir='ltr'><strong>non</strong></span> 
     </span>
     <span class='ocr_line' id='line_1_11' title="bbox 151 746 407 790; baseline 0.012 -13"><span class='ocrx_word' id='word_1_82' title='bbox 151 746 339 790; x_wconf 83' lang='lat' dir='ltr'><strong>potulsse.</strong></span> <span class='ocrx_word' id='word_1_83' title='bbox 366 765 407 780; x_wconf 52' lang='grc' dir='ltr'>ω</span> 
     </span>
    </p>

    <p class='ocr_par' dir='ltr' id='par_1_5' title="bbox 58 796 1575 1076">
     <span class='ocr_line' id='line_1_12' title="bbox 58 796 1575 849; baseline 0.001 -14"><span class='ocrx_word' id='word_1_84' title='bbox 58 810 124 844; x_wconf 82' lang='lat'><strong>100</strong></span> <span class='ocrx_word' id='word_1_85' title='bbox 151 796 273 835; x_wconf 80' lang='lat' dir='ltr'><strong>Mater</strong></span> <span class='ocrx_word' id='word_1_86' title='bbox 303 810 373 848; x_wconf 91' lang='lat' dir='ltr'><strong>pro</strong></span> <span class='ocrx_word' id='word_1_87' title='bbox 405 797 480 836; x_wconf 87' lang='lat' dir='ltr'><strong>filia</strong></span> <span class='ocrx_word' id='word_1_88' title='bbox 512 803 660 849; x_wconf 85' lang='lat' dir='ltr'><strong>partem</strong></span> <span class='ocrx_word' id='word_1_89' title='bbox 686 798 787 836; x_wconf 84' lang='lat' dir='ltr'><strong>dotis</strong></span> <span class='ocrx_word' id='word_1_90' title='bbox 810 798 926 843; x_wconf 80' lang='lat' dir='ltr'><strong>dedit,</strong></span> <span class='ocrx_word' id='word_1_91' title='bbox 959 804 1109 849; x_wconf 88' lang='lat' dir='ltr'><strong>partem</strong></span> <span class='ocrx_word' id='word_1_92' title='bbox 1133 798 1244 842; x_wconf 79' lang='lat' dir='ltr'><strong>dixit;</strong></span> <span class='ocrx_word' id='word_1_93' title='bbox 1278 799 1351 837; x_wconf 83' lang='lat' dir='ltr'><strong>lilia</strong></span> <span class='ocrx_word' id='word_1_94' title='bbox 1374 800 1412 837; x_wconf 89' lang='lat' dir='ltr'><strong>in</strong></span> <span class='ocrx_word' id='word_1_95' title='bbox 1438 801 1575 839; x_wconf 87' lang='lat' dir='ltr'><strong>matri—</strong></span> 
     </span>
     <span class='ocr_line' id='line_1_13' title="bbox 153 854 1575 907; baseline 0.001 -15"><span class='ocrx_word' id='word_1_96' title='bbox 153 854 285 893; x_wconf 86' lang='lat' dir='ltr'><strong>monio</strong></span> <span class='ocrx_word' id='word_1_97' title='bbox 323 854 489 893; x_wconf 83' lang='lat' dir='ltr'><strong>decessit</strong></span> <span class='ocrx_word' id='word_1_98' title='bbox 526 854 670 893; x_wconf 73' lang='lat' dir='ltr'><strong>lelictis</strong></span> <span class='ocrx_word' id='word_1_99' title='bbox 702 854 790 892; x_wconf 84' lang='lat' dir='ltr'><strong>filiis</strong></span> <span class='ocrx_word' id='word_1_100' title='bbox 833 867 879 893; x_wconf 78' lang='lat' dir='ltr'><strong>ex</strong></span> <span class='ocrx_word' id='word_1_101' title='bbox 920 855 993 893; x_wconf 84' lang='lat' dir='ltr'><strong>alio</strong></span> <span class='ocrx_word' id='word_1_102' title='bbox 1034 856 1299 901; x_wconf 74' lang='lat' dir='ltr'><strong>matrimonio3</strong></span> <span class='ocrx_word' id='word_1_103' title='bbox 1344 869 1488 907; x_wconf 86' lang='lat' dir='ltr'><strong>quaero</strong></span> <span class='ocrx_word' id='word_1_104' title='bbox 1530 858 1575 895; x_wconf 65' lang='lat' dir='ltr'><strong>d&lt;</strong></span> 
     </span>
     <span class='ocr_line' id='line_1_14' title="bbox 150 911 1572 975; baseline 0.003 -27"><span class='ocrx_word' id='word_1_105' title='bbox 150 911 236 949; x_wconf 89' lang='lat' dir='ltr'><strong>iure</strong></span> <span class='ocrx_word' id='word_1_106' title='bbox 279 911 391 950; x_wconf 86' lang='lat' dir='ltr'><strong>dotis.</strong></span> <span class='ocrx_word' id='word_1_107' title='bbox 462 911 606 950; x_wconf 88' lang='lat' dir='ltr'><strong>Paulus</strong></span> <span class='ocrx_word' id='word_1_108' title='bbox 646 911 848 962; x_wconf 84' lang='lat' dir='ltr'><strong>respondit</strong></span> <span class='ocrx_word' id='word_1_109' title='bbox 887 924 970 950; x_wconf 71' lang='lat' dir='ltr'><strong>ean}</strong></span> <span class='ocrx_word' id='word_1_110' title='bbox 1004 925 1102 975; x_wconf 82' lang='lat' dir='ltr'><strong>quae</strong></span> <span class='ocrx_word' id='word_1_111' title='bbox 1135 913 1219 951; x_wconf 79' lang='lat' dir='ltr'><strong>data</strong></span> <span class='ocrx_word' id='word_1_112' title='bbox 1253 921 1312 951; x_wconf 86' lang='lat' dir='ltr'><strong>est</strong></span> <span class='ocrx_word' id='word_1_113' title='bbox 1345 920 1496 952; x_wconf 89' lang='lat' dir='ltr'><strong>mortua</strong></span> <span class='ocrx_word' id='word_1_114' title='bbox 1538 916 1572 952; x_wconf 82' lang='lat' dir='ltr'><strong>in</strong></span> 
     </span>
     <span class='ocr_line' id='line_1_15' title="bbox 151 958 1572 1021; baseline 0.004 -16"><span class='ocrx_word' id='word_1_115' title='bbox 151 967 401 1006; x_wconf 89' lang='lat' dir='ltr'><strong>matrimonio</strong></span> <span class='ocrx_word' id='word_1_116' title='bbox 435 958 597 1006; x_wconf 77' lang='lat' dir='ltr'><strong>mulieie</strong></span> <span class='ocrx_word' id='word_1_117' title='bbox 628 968 729 1019; x_wconf 89' lang='lat' dir='ltr'><strong>apud</strong></span> <span class='ocrx_word' id='word_1_118' title='bbox 763 968 891 1006; x_wconf 90' lang='lat' dir='ltr'><strong>uirum</strong></span> <span class='ocrx_word' id='word_1_119' title='bbox 925 969 1168 1014; x_wconf 80' lang='lat' dir='ltr'><strong>1emansisse,</strong></span> <span class='ocrx_word' id='word_1_120' title='bbox 1202 982 1299 1016; x_wconf 82' lang='lat' dir='ltr'><strong>eam,</strong></span> <span class='ocrx_word' id='word_1_121' title='bbox 1343 983 1440 1021; x_wconf 85' lang='lat' dir='ltr'><strong>quae</strong></span> <span class='ocrx_word' id='word_1_122' title='bbox 1473 972 1572 1010; x_wconf 77' lang='lat' dir='ltr'><strong>dict-1</strong></span> 
     </span>
     <span class='ocr_line' id='line_1_16' title="bbox 149 1024 833 1076; baseline 0.001 -14"><span class='ocrx_word' id='word_1_123' title='bbox 149 1032 221 1070; x_wconf 81' lang='lat' dir='ltr'><strong>est,</strong></span> <span class='ocrx_word' id='word_1_124' title='bbox 254 1037 273 1062; x_wconf 86' lang='lat' dir='ltr'><strong>a</strong></span> <span class='ocrx_word' id='word_1_125' title='bbox 308 1032 430 1065; x_wconf 87' lang='lat' dir='ltr'><strong>matre</strong></span> <span class='ocrx_word' id='word_1_126' title='bbox 460 1024 564 1076; x_wconf 79' lang='lat' dir='ltr'><strong>peti3</strong></span> <span class='ocrx_word' id='word_1_127' title='bbox 595 1037 674 1063; x_wconf 90' lang='lat' dir='ltr'><strong>non</strong></span> <span class='ocrx_word' id='word_1_128' title='bbox 707 1037 833 1076; x_wconf 91' lang='lat' dir='ltr'><strong>posse.</strong></span> 
     </span>
    </p>

    <p class='ocr_par' dir='ltr' id='par_1_6' title="bbox 58 1080 1567 1190">
     <span class='ocr_line' id='line_1_17' title="bbox 58 1080 1567 1133; baseline 0.003 -14"><span class='ocrx_word' id='word_1_129' title='bbox 58 1093 118 1126; x_wconf 87' lang='lat'><strong>101</strong></span> <span class='ocrx_word' id='word_1_130' title='bbox 148 1080 295 1120; x_wconf 88' lang='lat' dir='ltr'><strong>Paulus</strong></span> <span class='ocrx_word' id='word_1_131' title='bbox 326 1082 530 1133; x_wconf 85' lang='lat' dir='ltr'><strong>respondit</strong></span> <span class='ocrx_word' id='word_1_132' title='bbox 560 1082 678 1120; x_wconf 88' lang='lat' dir='ltr'><strong>rebus</strong></span> <span class='ocrx_word' id='word_1_133' title='bbox 701 1094 780 1120; x_wconf 87' lang='lat' dir='ltr'><strong>non</strong></span> <span class='ocrx_word' id='word_1_134' title='bbox 803 1081 1016 1120; x_wconf 87' lang='lat' dir='ltr'><strong>aestimatis</strong></span> <span class='ocrx_word' id='word_1_135' title='bbox 1046 1082 1086 1120; x_wconf 90' lang='lat' dir='ltr'><strong>in</strong></span> <span class='ocrx_word' id='word_1_136' title='bbox 1108 1082 1237 1121; x_wconf 88' lang='lat' dir='ltr'><strong>dotem</strong></span> <span class='ocrx_word' id='word_1_137' title='bbox 1261 1083 1360 1121; x_wconf 87' lang='lat' dir='ltr'><strong>datis</strong></span> <span class='ocrx_word' id='word_1_138' title='bbox 1384 1084 1567 1123; x_wconf 88' lang='lat' dir='ltr'><strong>maritum</strong></span> 
     </span>
     <span class='ocr_line' id='line_1_18' title="bbox 148 1138 1311 1190; baseline 0.002 -14"><span class='ocrx_word' id='word_1_139' title='bbox 148 1138 316 1188; x_wconf 85' lang='lat' dir='ltr'><strong>culpam,</strong></span> <span class='ocrx_word' id='word_1_140' title='bbox 349 1151 428 1177; x_wconf 90' lang='lat' dir='ltr'><strong>non</strong></span> <span class='ocrx_word' id='word_1_141' title='bbox 461 1139 577 1178; x_wconf 88' lang='lat' dir='ltr'><strong>etiam</strong></span> <span class='ocrx_word' id='word_1_142' title='bbox 610 1139 829 1190; x_wconf 84' lang='lat' dir='ltr'><strong>periculum</strong></span> <span class='ocrx_word' id='word_1_143' title='bbox 861 1145 1058 1190; x_wconf 89' lang='lat' dir='ltr'><strong>praestare</strong></span> <span class='ocrx_word' id='word_1_144' title='bbox 1090 1139 1241 1178; x_wconf 84' lang='lat' dir='ltr'><strong>debere.</strong></span> <span class='ocrx_word' id='word_1_145' title='bbox 1268 1163 1311 1179; x_wconf 53' lang='grc' dir='ltr'><strong>Ν</strong></span> 
     </span>
    </p>

    <p class='ocr_par' dir='ltr' id='par_1_7' title="bbox 56 1195 1577 1761">
     <span class='ocr_line' id='line_1_19' title="bbox 56 1195 1573 1247; baseline 0.001 -13"><span class='ocrx_word' id='word_1_146' title='bbox 56 1200 120 1234; x_wconf 77' lang='lat'><strong>102</strong></span> <span class='ocrx_word' id='word_1_147' title='bbox 148 1195 191 1234; x_wconf 87' lang='lat' dir='ltr'><strong>L.</strong></span> <span class='ocrx_word' id='word_1_148' title='bbox 214 1195 341 1234; x_wconf 88' lang='lat' dir='ltr'><strong>Titius</strong></span> <span class='ocrx_word' id='word_1_149' title='bbox 373 1208 463 1235; x_wconf 92' lang='lat' dir='ltr'><strong>cum</strong></span> <span class='ocrx_word' id='word_1_150' title='bbox 500 1202 604 1235; x_wconf 88' lang='lat' dir='ltr'><strong>esset</strong></span> <span class='ocrx_word' id='word_1_151' title='bbox 634 1196 673 1234; x_wconf 91' lang='lat' dir='ltr'><strong>in</strong></span> <span class='ocrx_word' id='word_1_152' title='bbox 705 1195 826 1247; x_wconf 89' lang='lat' dir='ltr'><strong>patris</strong></span> <span class='ocrx_word' id='word_1_153' title='bbox 864 1202 1068 1247; x_wconf 81' lang='lat' dir='ltr'><strong>potestate,</strong></span> <span class='ocrx_word' id='word_1_154' title='bbox 1110 1197 1270 1235; x_wconf 88' lang='lat' dir='ltr'><strong>absente</strong></span> <span class='ocrx_word' id='word_1_155' title='bbox 1309 1210 1354 1235; x_wconf 91' lang='lat' dir='ltr'><strong>eo</strong></span> <span class='ocrx_word' id='word_1_156' title='bbox 1386 1197 1496 1236; x_wconf 84' lang='lat' dir='ltr'><strong>duxit</strong></span> <span class='ocrx_word' id='word_1_157' title='bbox 1535 1198 1573 1237; x_wconf 84' lang='lat' dir='ltr'><strong>iu</strong></span> 
     </span>
     <span class='ocr_line' id='line_1_20' title="bbox 149 1253 1571 1305; baseline 0.002 -15"><span class='ocrx_word' id='word_1_158' title='bbox 149 1253 445 1292; x_wconf 86' lang='lat' dir='ltr'><strong>matrimonium</strong></span> <span class='ocrx_word' id='word_1_159' title='bbox 478 1253 685 1305; x_wconf 83' lang='lat' dir='ltr'><strong>Septiciam</strong></span> <span class='ocrx_word' id='word_1_160' title='bbox 724 1253 842 1292; x_wconf 88' lang='lat' dir='ltr'><strong>filiam</strong></span> <span class='ocrx_word' id='word_1_161' title='bbox 874 1253 1052 1299; x_wconf 84' lang='lat' dir='ltr'><strong>familias,</strong></span> <span class='ocrx_word' id='word_1_162' title='bbox 1092 1253 1205 1292; x_wconf 89' lang='lat' dir='ltr'><strong>cuius</strong></span> <span class='ocrx_word' id='word_1_163' title='bbox 1243 1255 1402 1292; x_wconf 90' lang='lat' dir='ltr'><strong>nomine</strong></span> <span class='ocrx_word' id='word_1_164' title='bbox 1443 1255 1571 1293; x_wconf 86' lang='lat' dir='ltr'><strong>dotem</strong></span> 
     </span>
     <span class='ocr_line' id='line_1_21' title="bbox 148 1310 1573 1362; baseline 0.002 -14"><span class='ocrx_word' id='word_1_165' title='bbox 148 1310 298 1361; x_wconf 84' lang='lat' dir='ltr'><strong>accepit</strong></span> <span class='ocrx_word' id='word_1_166' title='bbox 328 1323 348 1349; x_wconf 89' lang='lat' dir='ltr'><strong>a</strong></span> <span class='ocrx_word' id='word_1_167' title='bbox 380 1317 501 1362; x_wconf 90' lang='lat' dir='ltr'><strong>patre.</strong></span> <span class='ocrx_word' id='word_1_168' title='bbox 552 1317 687 1362; x_wconf 84' lang='lat' dir='ltr'><strong>postea</strong></span> <span class='ocrx_word' id='word_1_169' title='bbox 709 1310 940 1362; x_wconf 87' lang='lat' dir='ltr'><strong>superuenit</strong></span> <span class='ocrx_word' id='word_1_170' title='bbox 971 1317 1092 1361; x_wconf 79' lang='lat' dir='ltr'><strong>pater,</strong></span> <span class='ocrx_word' id='word_1_171' title='bbox 1125 1324 1202 1362; x_wconf 88' lang='lat' dir='ltr'><strong>quo</strong></span> <span class='ocrx_word' id='word_1_172' title='bbox 1226 1318 1431 1362; x_wconf 85' lang='lat' dir='ltr'><strong>praesente</strong></span> <span class='ocrx_word' id='word_1_173' title='bbox 1454 1312 1573 1351; x_wconf 84' lang='lat' dir='ltr'><strong>dura-</strong></span> 
     </span>
     <span class='ocr_line' id='line_1_22' title="bbox 149 1366 1575 1419; baseline 0.002 -14"><span class='ocrx_word' id='word_1_174' title='bbox 149 1367 229 1405; x_wconf 59' lang='lat' dir='ltr'><strong>uit4</strong></span> <span class='ocrx_word' id='word_1_175' title='bbox 263 1367 303 1406; x_wconf 88' lang='lat' dir='ltr'><strong>in</strong></span> <span class='ocrx_word' id='word_1_176' title='bbox 335 1367 439 1406; x_wconf 91' lang='lat' dir='ltr'><strong>diem</strong></span> <span class='ocrx_word' id='word_1_177' title='bbox 474 1367 612 1406; x_wconf 89' lang='lat' dir='ltr'><strong>mortis</strong></span> <span class='ocrx_word' id='word_1_178' title='bbox 644 1366 736 1406; x_wconf 85' lang='lat' dir='ltr'><strong>filii⁵</strong></span> <span class='ocrx_word' id='word_1_179' title='bbox 773 1367 1080 1406; x_wconf 84' lang='lat' dir='ltr'><strong>matrimonium.</strong></span> <span class='ocrx_word' id='word_1_180' title='bbox 1132 1368 1384 1419; x_wconf 88' lang='lat' dir='ltr'><strong>postmodum</strong></span> <span class='ocrx_word' id='word_1_181' title='bbox 1410 1369 1575 1408; x_wconf 83' lang='lat' dir='ltr'><strong>decessit</strong></span> 
     </span>
     <span class='ocr_line' id='line_1_23' title="bbox 151 1423 1576 1477; baseline 0.002 -15"><span class='ocrx_word' id='word_1_182' title='bbox 151 1423 192 1461; x_wconf 91' lang='lat' dir='ltr'><strong>L.</strong></span> <span class='ocrx_word' id='word_1_183' title='bbox 225 1424 364 1463; x_wconf 87' lang='lat' dir='ltr'><strong>Titius.</strong></span> <span class='ocrx_word' id='word_1_184' title='bbox 425 1437 581 1475; x_wconf 81' lang='lat' dir='ltr'><strong>quaero,</strong></span> <span class='ocrx_word' id='word_1_185' title='bbox 622 1437 669 1463; x_wconf 90' lang='lat' dir='ltr'><strong>an</strong></span> <span class='ocrx_word' id='word_1_186' title='bbox 702 1437 747 1463; x_wconf 81' lang='lat' dir='ltr'><strong>ex</strong></span> <span class='ocrx_word' id='word_1_187' title='bbox 779 1437 845 1469; x_wconf 86' lang='lat' dir='ltr'><strong>eo,</strong></span> <span class='ocrx_word' id='word_1_188' title='bbox 878 1424 982 1475; x_wconf 88' lang='lat' dir='ltr'><strong>quod</strong></span> <span class='ocrx_word' id='word_1_189' title='bbox 1014 1437 1093 1463; x_wconf 89' lang='lat' dir='ltr'><strong>non</strong></span> <span class='ocrx_word' id='word_1_190' title='bbox 1126 1433 1260 1464; x_wconf 89' lang='lat' dir='ltr'><strong>contra</strong></span> <span class='ocrx_word' id='word_1_191' title='bbox 1293 1425 1427 1471; x_wconf 78' lang='lat' dir='ltr'><strong>dixit⁶,</strong></span> <span class='ocrx_word' id='word_1_192' title='bbox 1469 1433 1576 1477; x_wconf 86' lang='lat' dir='ltr'><strong>pater</strong></span> 
     </span>
     <span class='ocr_line' id='line_1_24' title="bbox 151 1480 1577 1521; baseline 0.001 -1"><span class='ocrx_word' id='word_1_193' title='bbox 151 1480 269 1520; x_wconf 86' lang='lat' dir='ltr'><strong>etiam</strong></span> <span class='ocrx_word' id='word_1_194' title='bbox 308 1481 408 1520; x_wconf 91' lang='lat' dir='ltr'><strong>dotis</strong></span> <span class='ocrx_word' id='word_1_195' title='bbox 445 1481 591 1520; x_wconf 86' lang='lat' dir='ltr'><strong>dationi</strong></span> <span class='ocrx_word' id='word_1_196' title='bbox 629 1481 875 1520; x_wconf 86' lang='lat' dir='ltr'><strong>consensisse</strong></span> <span class='ocrx_word' id='word_1_197' title='bbox 917 1482 1097 1520; x_wconf 88' lang='lat' dir='ltr'><strong>uideatur</strong></span> <span class='ocrx_word' id='word_1_198' title='bbox 1133 1489 1171 1520; x_wconf 92' lang='lat' dir='ltr'><strong>et</strong></span> <span class='ocrx_word' id='word_1_199' title='bbox 1209 1482 1293 1521; x_wconf 88' lang='lat' dir='ltr'><strong>ideo</strong></span> <span class='ocrx_word' id='word_1_200' title='bbox 1332 1483 1482 1521; x_wconf 83' lang='lat' dir='ltr'><strong>actione</strong></span> <span class='ocrx_word' id='word_1_201' title='bbox 1523 1484 1577 1521; x_wconf 82' lang='lat' dir='ltr'><strong>rei</strong></span> 
     </span>
     <span class='ocr_line' id='line_1_25' title="bbox 152 1537 1576 1590; baseline 0.001 -13"><span class='ocrx_word' id='word_1_202' title='bbox 152 1538 312 1577; x_wconf 82' lang='lat' dir='ltr'><strong>uxoriae</strong></span> <span class='ocrx_word' id='word_1_203' title='bbox 348 1537 417 1576; x_wconf 89' lang='lat' dir='ltr'><strong>filii</strong></span> <span class='ocrx_word' id='word_1_204' title='bbox 455 1538 615 1576; x_wconf 88' lang='lat' dir='ltr'><strong>nomine</strong></span> <span class='ocrx_word' id='word_1_205' title='bbox 662 1544 851 1577; x_wconf 88' lang='lat' dir='ltr'><strong>teneatur.</strong></span> <span class='ocrx_word' id='word_1_206' title='bbox 879 1563 919 1577; x_wconf 42' lang='grc' dir='ltr'><strong>κ,</strong></span> <span class='ocrx_word' id='word_1_207' title='bbox 992 1538 1134 1577; x_wconf 86' lang='lat' dir='ltr'><strong>Paulus</strong></span> <span class='ocrx_word' id='word_1_208' title='bbox 1180 1540 1383 1590; x_wconf 76' lang='lat' dir='ltr'><strong>respondit</strong></span> <span class='ocrx_word' id='word_1_209' title='bbox 1427 1546 1576 1590; x_wconf 85' lang='lat' dir='ltr'><strong>patrem</strong></span> 
     </span>
     <span class='ocr_line' id='line_1_26' title="bbox 151 1595 1577 1647; baseline 0.001 -14"><span class='ocrx_word' id='word_1_210' title='bbox 151 1596 267 1634; x_wconf 83' lang='lat' dir='ltr'><strong>etiam</strong></span> <span class='ocrx_word' id='word_1_211' title='bbox 301 1602 434 1646; x_wconf 91' lang='lat' dir='ltr'><strong>postea</strong></span> <span class='ocrx_word' id='word_1_212' title='bbox 466 1595 613 1647; x_wconf 83' lang='lat' dir='ltr'><strong>nuptiis</strong></span> <span class='ocrx_word' id='word_1_213' title='bbox 651 1595 961 1634; x_wconf 85' lang='lat' dir='ltr'><strong>consentientem</strong></span> <span class='ocrx_word' id='word_1_214' title='bbox 996 1602 1034 1634; x_wconf 87' lang='lat' dir='ltr'><strong>et</strong></span> <span class='ocrx_word' id='word_1_215' title='bbox 1067 1596 1360 1634; x_wconf 84' lang='lat' dir='ltr'><strong>matrimonium</strong></span> <span class='ocrx_word' id='word_1_216' title='bbox 1404 1597 1471 1635; x_wconf 83' lang='lat' dir='ltr'><strong>filii</strong></span> <span class='ocrx_word' id='word_1_217' title='bbox 1518 1598 1577 1635; x_wconf 86' lang='lat' dir='ltr'><strong>sui</strong></span> 
     </span>
     <span class='ocr_line' id='line_1_27' title="bbox 153 1652 1576 1704; baseline 0.002 -14"><span class='ocrx_word' id='word_1_218' title='bbox 153 1659 192 1691; x_wconf 83' lang='lat' dir='ltr'><strong>et</strong></span> <span class='ocrx_word' id='word_1_219' title='bbox 224 1652 353 1690; x_wconf 88' lang='lat' dir='ltr'><strong>dotem</strong></span> <span class='ocrx_word' id='word_1_220' title='bbox 386 1652 550 1699; x_wconf 82' lang='lat' dir='ltr'><strong>efficere,</strong></span> <span class='ocrx_word' id='word_1_221' title='bbox 583 1658 621 1690; x_wconf 89' lang='lat' dir='ltr'><strong>et</strong></span> <span class='ocrx_word' id='word_1_222' title='bbox 657 1652 744 1691; x_wconf 90' lang='lat' dir='ltr'><strong>ideo</strong></span> <span class='ocrx_word' id='word_1_223' title='bbox 776 1665 820 1691; x_wconf 89' lang='lat' dir='ltr'><strong>ex</strong></span> <span class='ocrx_word' id='word_1_224' title='bbox 842 1665 1007 1704; x_wconf 88' lang='lat' dir='ltr'><strong>persona</strong></span> <span class='ocrx_word' id='word_1_225' title='bbox 1039 1652 1117 1691; x_wconf 87' lang='lat' dir='ltr'><strong>fili</strong></span> <span class='ocrx_word' id='word_1_226' title='bbox 1150 1653 1206 1691; x_wconf 77' lang='lat' dir='ltr'><strong>lei</strong></span> <span class='ocrx_word' id='word_1_227' title='bbox 1238 1654 1392 1692; x_wconf 83' lang='lat' dir='ltr'><strong>uxoriae</strong></span> <span class='ocrx_word' id='word_1_228' title='bbox 1414 1655 1576 1693; x_wconf 63' lang='grc' dir='ltr'><strong>(“”“ιι(ἰτοῑοὸ</strong></span> 
     </span>
     <span class='ocr_line' id='line_1_28' title="bbox 154 1708 1578 1761; baseline 0.001 -13"><span class='ocrx_word' id='word_1_229' title='bbox 154 1708 354 1748; x_wconf 87' lang='lat' dir='ltr'><strong>conueniri</strong></span> <span class='ocrx_word' id='word_1_230' title='bbox 390 1721 516 1760; x_wconf 83' lang='lat' dir='ltr'><strong>posse,</strong></span> <span class='ocrx_word' id='word_1_231' title='bbox 563 1709 601 1747; x_wconf 91' lang='lat' dir='ltr'><strong>in</strong></span> <span class='ocrx_word' id='word_1_232' title='bbox 648 1722 723 1760; x_wconf 88' lang='lat' dir='ltr'><strong>qua</strong></span> <span class='ocrx_word' id='word_1_233' title='bbox 754 1709 927 1748; x_wconf 79' lang='lat' dir='ltr'><strong>actione⁰</strong></span> <span class='ocrx_word' id='word_1_234' title='bbox 960 1710 1085 1761; x_wconf 91' lang='lat' dir='ltr'><strong>peculi</strong></span> <span class='ocrx_word' id='word_1_235' title='bbox 1131 1710 1327 1761; x_wconf 83' lang='lat' dir='ltr'><strong>quantitas</strong></span> <span class='ocrx_word' id='word_1_236' title='bbox 1373 1711 1578 1750; x_wconf 86' lang='lat' dir='ltr'><strong>deducitur</strong></span> 
     </span>
    </p>
   </div>
   <div class='ocr_carea' id='block_1_3' title="bbox 180 1783 291 1790">
    <p class='ocr_par' dir='ltr' id='par_1_8' title="bbox 180 1783 291 1790">
     <span class='ocr_line' id='line_1_29' title="bbox 180 1783 291 1790; baseline 0 1167"><span class='ocrx_word' id='word_1_237' title='bbox 180 1783 291 1790; x_wconf 95' lang='lat' dir='ltr'><strong> </strong></span> 
     </span>
    </p>
   </div>
   <div class='ocr_carea' id='block_1_4' title="bbox 360 1782 515 1789">
    <p class='ocr_par' dir='ltr' id='par_1_9' title="bbox 360 1782 515 1789">
     <span class='ocr_line' id='line_1_30' title="bbox 360 1782 515 1789; baseline 0 1168"><span class='ocrx_word' id='word_1_238' title='bbox 360 1782 515 1789; x_wconf 95' lang='lat' dir='ltr'><strong> </strong></span> 
     </span>
    </p>
   </div>
   <div class='ocr_carea' id='block_1_5' title="bbox 583 1783 721 1789">
    <p class='ocr_par' dir='ltr' id='par_1_10' title="bbox 583 1783 721 1789">
     <span class='ocr_line' id='line_1_31' title="bbox 583 1783 721 1789; baseline 0 0"><span class='ocrx_word' id='word_1_239' title='bbox 583 1783 721 1789; x_wconf 95' lang='lat' dir='ltr'><strong> </strong></span> 
     </span>
    </p>
   </div>
   <div class='ocr_carea' id='block_1_6' title="bbox 723 1783 808 1790">
    <p class='ocr_par' dir='ltr' id='par_1_11' title="bbox 723 1783 808 1790">
     <span class='ocr_line' id='line_1_32' title="bbox 723 1783 808 1790; baseline 0 1167"><span class='ocrx_word' id='word_1_240' title='bbox 723 1783 808 1790; x_wconf 95' lang='lat' dir='ltr'><strong> </strong></span> 
     </span>
    </p>
   </div>
   <div class='ocr_carea' id='block_1_7' title="bbox 813 1783 1579 1792">
    <p class='ocr_par' dir='ltr' id='par_1_12' title="bbox 813 1783 1579 1792">
     <span class='ocr_line' id='line_1_33' title="bbox 813 1783 1579 1792; baseline 0.001 -3"><span class='ocrx_word' id='word_1_241' title='bbox 813 1783 955 1790; x_wconf 46' lang='lat' dir='ltr'><strong>ww</strong></span> <span class='ocrx_word' id='word_1_242' title='bbox 978 1783 1066 1788; x_wconf 28' lang='lat' dir='ltr'><strong>‘sfflf</strong></span> <span class='ocrx_word' id='word_1_243' title='bbox 1093 1784 1105 1788; x_wconf 42' lang='lat' dir='ltr'><em>V</em></span> <span class='ocrx_word' id='word_1_244' title='bbox 1154 1785 1271 1789; x_wconf 44' lang='lat' dir='ltr'><strong>‘sslf‘</strong></span> <span class='ocrx_word' id='word_1_245' title='bbox 1315 1785 1334 1789; x_wconf 45' lang='grc' dir='ltr'><em>φ</em></span> <span class='ocrx_word' id='word_1_246' title='bbox 1357 1785 1537 1790; x_wconf 37' lang='lat' dir='ltr'><strong>—slfsaetzffl</strong></span> <span class='ocrx_word' id='word_1_247' title='bbox 1545 1790 1550 1791; x_wconf 31' lang='lat'><em>⁷</em></span> <span class='ocrx_word' id='word_1_248' title='bbox 1564 1789 1579 1792; x_wconf 56' lang='lat'><em>,</em></span> 
     </span>
    </p>
   </div>
   <div class='ocr_carea' id='block_1_8' title="bbox 150 1813 1582 2358">
    <p class='ocr_par' dir='ltr' id='par_1_13' title="bbox 150 1813 1582 2358">
     <span class='ocr_line' id='line_1_34' title="bbox 247 1813 1576 1864; baseline 0.002 -20"><span class='ocrx_word' id='word_1_249' title='bbox 247 1814 262 1844; x_wconf 93' lang='lat'>1</span> <span class='ocrx_word' id='word_1_250' title='bbox 291 1817 366 1854; x_wconf 89' lang='lat' dir='ltr'><strong>post</strong></span> <span class='ocrx_word' id='word_1_251' title='bbox 391 1823 463 1844; x_wconf 87' lang='lat' dir='ltr'><strong>m01</strong></span> <span class='ocrx_word' id='word_1_252' title='bbox 469 1818 532 1845; x_wconf 81' lang='lat' dir='ltr'><strong>ten]</strong></span> <span class='ocrx_word' id='word_1_253' title='bbox 559 1813 690 1864; x_wconf 73' lang='lat' dir='ltr'><strong>mariti,</strong></span> <span class='ocrx_word' id='word_1_254' title='bbox 716 1813 746 1844; x_wconf 86' lang='lat' dir='ltr'><strong>si</strong></span> <span class='ocrx_word' id='word_1_255' title='bbox 771 1823 849 1855; x_wconf 68' lang='lat' dir='ltr'><strong>ego,</strong></span> <span class='ocrx_word' id='word_1_256' title='bbox 876 1813 906 1845; x_wconf 88' lang='lat' dir='ltr'><strong>si</strong></span> <span class='ocrx_word' id='word_1_257' title='bbox 932 1817 1006 1855; x_wconf 81' lang='lat' dir='ltr'><strong>post</strong></span> <span class='ocrx_word' id='word_1_258' title='bbox 1031 1818 1172 1845; x_wconf 86' lang='lat' dir='ltr'><strong>mortem</strong></span> <span class='ocrx_word' id='word_1_259' title='bbox 1198 1814 1313 1845; x_wconf 83' lang='lat' dir='ltr'><strong>mariti</strong></span> <span class='ocrx_word' id='word_1_260' title='bbox 1333 1813 1376 1854; x_wconf 82' lang='lat' dir='ltr'><strong>V3</strong></span> <span class='ocrx_word' id='word_1_261' title='bbox 1404 1820 1502 1855; x_wconf 83' lang='lat' dir='ltr'><strong>atque</strong></span> <span class='ocrx_word' id='word_1_262' title='bbox 1528 1815 1576 1847; x_wconf 84' lang='lat' dir='ltr'><strong>ita</strong></span> 
     </span>
     <span class='ocr_line' id='line_1_35' title="bbox 153 1858 1577 1901; baseline 0.001 -11"><span class='ocrx_word' id='word_1_263' title='bbox 153 1858 275 1890; x_wconf 84' lang='lat' dir='ltr'><strong>mulier</strong></span> <span class='ocrx_word' id='word_1_264' title='bbox 292 1858 440 1890; x_wconf 87' lang='lat' dir='ltr'><strong>decessit</strong></span> <span class='ocrx_word' id='word_1_265' title='bbox 462 1861 540 1901; x_wconf 75' lang='lat' dir='ltr'><strong>post</strong></span> <span class='ocrx_word' id='word_1_266' title='bbox 565 1858 764 1891; x_wconf 86' lang='lat' dir='ltr'><strong>intercessit</strong></span> <span class='ocrx_word' id='word_1_267' title='bbox 788 1860 907 1891; x_wconf 76' lang='lat' dir='ltr'><strong>inserit</strong></span> <span class='ocrx_word' id='word_1_268' title='bbox 932 1859 1096 1890; x_wconf 68' lang='lat' dir='ltr'><strong>Huschke</strong></span> <span class='ocrx_word' id='word_1_269' title='bbox 1137 1859 1183 1900; x_wconf 83' lang='lat' dir='ltr'><strong>cf.</strong></span> <span class='ocrx_word' id='word_1_270' title='bbox 1203 1859 1318 1891; x_wconf 72' lang='lat' dir='ltr'><strong>ans</strong></span> <span class='ocrx_word' id='word_1_271' title='bbox 1342 1861 1375 1890; x_wconf 77' lang='lat' dir='ltr'><strong>in</strong></span> <span class='ocrx_word' id='word_1_272' title='bbox 1400 1860 1577 1892; x_wconf 63' lang='lat' dir='ltr'><strong>(cultelli-bus</strong></span> 
     </span>
     <span class='ocr_line' id='line_1_36' title="bbox 153 1902 1576 1947; baseline 0.001 -12"><span class='ocrx_word' id='word_1_273' title='bbox 153 1903 300 1936; x_wconf 59' lang='lat' dir='ltr'><strong>Bet-herc</strong></span> <span class='ocrx_word' id='word_1_274' title='bbox 321 1906 351 1935; x_wconf 77' lang='lat' dir='ltr'><strong>et</strong></span> <span class='ocrx_word' id='word_1_275' title='bbox 368 1902 517 1936; x_wconf 74' lang='lat' dir='ltr'><strong>Matlaeeri</strong></span> <span class='ocrx_word' id='word_1_276' title='bbox 540 1906 557 1935; x_wconf 81' lang='lat'>5</span> <span class='ocrx_word' id='word_1_277' title='bbox 582 1914 614 1947; x_wconf 82' lang='lat' dir='ltr'><strong>p.</strong></span> <span class='ocrx_word' id='word_1_278' title='bbox 643 1904 696 1936; x_wconf 74' lang='lat'><strong>83.</strong></span> <span class='ocrx_word' id='word_1_279' title='bbox 738 1903 748 1947; x_wconf 95' lang='grc' dir='ltr'>Η</span> <span class='ocrx_word' id='word_1_280' title='bbox 791 1904 810 1936; x_wconf 81' lang='grc'>2</span> <span class='ocrx_word' id='word_1_281' title='bbox 837 1905 866 1936; x_wconf 86' lang='lat' dir='ltr'><strong>si</strong></span> <span class='ocrx_word' id='word_1_282' title='bbox 891 1905 989 1936; x_wconf 79' lang='lat' dir='ltr'><strong>mixti</strong></span> <span class='ocrx_word' id='word_1_283' title='bbox 1007 1915 1104 1936; x_wconf 78' lang='lat' dir='ltr'><strong>casus</strong></span> <span class='ocrx_word' id='word_1_284' title='bbox 1123 1915 1186 1936; x_wconf 88' lang='lat' dir='ltr'><strong>non</strong></span> <span class='ocrx_word' id='word_1_285' title='bbox 1205 1906 1455 1937; x_wconf 81' lang='lat' dir='ltr'><strong>interuenirent</strong></span> <span class='ocrx_word' id='word_1_286' title='bbox 1472 1905 1521 1945; x_wconf 84' lang='lat' dir='ltr'><strong>V;</strong></span> <span class='ocrx_word' id='word_1_287' title='bbox 1548 1907 1576 1937; x_wconf 86' lang='lat' dir='ltr'><strong>si</strong></span> 
     </span>
     <span class='ocr_line' id='line_1_37' title="bbox 152 1949 1576 1990; baseline 0.001 -9"><span class='ocrx_word' id='word_1_288' title='bbox 152 1950 308 1981; x_wconf 84' lang='lat' dir='ltr'><strong>mulieris</strong></span> <span class='ocrx_word' id='word_1_289' title='bbox 334 1955 510 1981; x_wconf 85' lang='lat' dir='ltr'><strong>curatores</strong></span> <span class='ocrx_word' id='word_1_290' title='bbox 537 1962 598 1982; x_wconf 87' lang='lat' dir='ltr'><strong>nou</strong></span> <span class='ocrx_word' id='word_1_291' title='bbox 627 1950 879 1982; x_wconf 81' lang='lat' dir='ltr'><strong>interuenirent</strong></span> <span class='ocrx_word' id='word_1_292' title='bbox 896 1952 1039 1982; x_wconf 78' lang='lat' dir='ltr'><strong>coniecit</strong></span> <span class='ocrx_word' id='word_1_293' title='bbox 1056 1949 1181 1990; x_wconf 70' lang='lat' dir='ltr'><strong>Keller-3</strong></span> <span class='ocrx_word' id='word_1_294' title='bbox 1210 1951 1239 1982; x_wconf 92' lang='lat' dir='ltr'><strong>si</strong></span> <span class='ocrx_word' id='word_1_295' title='bbox 1257 1951 1376 1982; x_wconf 82' lang='lat' dir='ltr'><strong>mortis</strong></span> <span class='ocrx_word' id='word_1_296' title='bbox 1395 1962 1494 1983; x_wconf 87' lang='lat' dir='ltr'><strong>causa</strong></span> <span class='ocrx_word' id='word_1_297' title='bbox 1515 1962 1576 1983; x_wconf 88' lang='lat' dir='ltr'><strong>nou</strong></span> 
     </span>
     <span class='ocr_line' id='line_1_38' title="bbox 153 1995 1575 2038; baseline 0.001 -11"><span class='ocrx_word' id='word_1_298' title='bbox 153 1995 382 2028; x_wconf 82' lang='lat' dir='ltr'><strong>interueniret</strong></span> <span class='ocrx_word' id='word_1_299' title='bbox 406 2007 477 2037; x_wconf 75' lang='lat' dir='ltr'><strong>ego.</strong></span> <span class='ocrx_word' id='word_1_300' title='bbox 519 1997 578 2028; x_wconf 74' lang='lat' dir='ltr'><strong>lioc</strong></span> <span class='ocrx_word' id='word_1_301' title='bbox 602 1997 651 2027; x_wconf 73' lang='lat' dir='ltr'><strong>ait</strong></span> <span class='ocrx_word' id='word_1_302' title='bbox 668 1995 800 2028; x_wconf 74' lang='lat' dir='ltr'><strong>Paulus</strong></span> <span class='ocrx_word' id='word_1_303' title='bbox 825 2006 970 2028; x_wconf 63' lang='lat' dir='ltr'><strong>umorem</strong></span> <span class='ocrx_word' id='word_1_304' title='bbox 994 2006 1015 2027; x_wconf 87' lang='grc' dir='ltr'><em>α</em></span> <span class='ocrx_word' id='word_1_305' title='bbox 1031 1998 1157 2028; x_wconf 79' lang='lat' dir='ltr'><strong>marito</strong></span> <span class='ocrx_word' id='word_1_306' title='bbox 1174 1996 1280 2028; x_wconf 73' lang='lat' dir='ltr'><strong>dotem</strong></span> <span class='ocrx_word' id='word_1_307' title='bbox 1300 1996 1521 2038; x_wconf 73' lang='lat' dir='ltr'><strong>stipalaniem</strong></span> <span class='ocrx_word' id='word_1_308' title='bbox 1543 1999 1575 2028; x_wconf 81' lang='lat' dir='ltr'><strong>in</strong></span> 
     </span>
     <span class='ocr_line' id='line_1_39' title="bbox 150 2040 1576 2084; baseline 0.001 -12"><span class='ocrx_word' id='word_1_309' title='bbox 150 2052 229 2073; x_wconf 82' lang='lat' dir='ltr'><strong>eam</strong></span> <span class='ocrx_word' id='word_1_310' title='bbox 254 2040 356 2079; x_wconf 85' lang='lat' dir='ltr'><strong>diem,</strong></span> <span class='ocrx_word' id='word_1_311' title='bbox 383 2052 448 2083; x_wconf 75' lang='lat' dir='ltr'><strong>qua</strong></span> <span class='ocrx_word' id='word_1_312' title='bbox 474 2043 551 2084; x_wconf 75' lang='lat' dir='ltr'><strong>ipsa</strong></span> <span class='ocrx_word' id='word_1_313' title='bbox 574 2043 753 2079; x_wconf 73' lang='lat' dir='ltr'><strong>moriatur,</strong></span> <span class='ocrx_word' id='word_1_314' title='bbox 781 2044 867 2074; x_wconf 82' lang='lat' dir='ltr'><strong>recte</strong></span> <span class='ocrx_word' id='word_1_315' title='bbox 891 2041 1063 2083; x_wconf 72' lang='lat' dir='ltr'><strong>stipulari,</strong></span> <span class='ocrx_word' id='word_1_316' title='bbox 1089 2044 1225 2073; x_wconf 65' lang='lat' dir='ltr'><strong>etiamsi</strong></span> <span class='ocrx_word' id='word_1_317' title='bbox 1250 2052 1314 2074; x_wconf 80' lang='lat' dir='ltr'><strong>non</strong></span> <span class='ocrx_word' id='word_1_318' title='bbox 1331 2045 1454 2074; x_wconf 65' lang='lat' dir='ltr'><strong>mortes</strong></span> <span class='ocrx_word' id='word_1_319' title='bbox 1471 2053 1576 2074; x_wconf 77' lang='lat' dir='ltr'><strong>caasa</strong></span> 
     </span>
     <span class='ocr_line' id='line_1_40' title="bbox 151 2085 1576 2123; baseline 0.001 -5"><span class='ocrx_word' id='word_1_320' title='bbox 151 2088 200 2118; x_wconf 76' lang='lat' dir='ltr'><strong>sic</strong></span> <span class='ocrx_word' id='word_1_321' title='bbox 224 2085 375 2118; x_wconf 77' lang='lat' dir='ltr'><strong>donetur.</strong></span> <span class='ocrx_word' id='word_1_322' title='bbox 424 2085 561 2118; x_wconf 80' lang='lat' dir='ltr'><strong>donatio</strong></span> <span class='ocrx_word' id='word_1_323' title='bbox 584 2087 755 2119; x_wconf 76' lang='lat' dir='ltr'><strong>eiusmodi</strong></span> <span class='ocrx_word' id='word_1_324' title='bbox 778 2087 900 2119; x_wconf 80' lang='lat' dir='ltr'><strong>collata</strong></span> <span class='ocrx_word' id='word_1_325' title='bbox 933 2089 967 2119; x_wconf 76' lang='lat' dir='ltr'><strong>itt</strong></span> <span class='ocrx_word' id='word_1_326' title='bbox 992 2087 1082 2119; x_wconf 77' lang='lat' dir='ltr'><strong>diem</strong></span> <span class='ocrx_word' id='word_1_327' title='bbox 1107 2088 1216 2119; x_wconf 81' lang='lat' dir='ltr'><strong>obitas</strong></span> <span class='ocrx_word' id='word_1_328' title='bbox 1240 2089 1315 2119; x_wconf 71' lang='lat' dir='ltr'><strong>eins</strong></span> <span class='ocrx_word' id='word_1_329' title='bbox 1340 2090 1396 2120; x_wconf 77' lang='grc' dir='ltr'><strong>(εαί</strong></span> <span class='ocrx_word' id='word_1_330' title='bbox 1419 2087 1576 2123; x_wconf 68' lang='lat' dir='ltr'><strong>donatur.</strong></span> 
     </span>
     <span class='ocr_line' id='line_1_41' title="bbox 154 2131 1578 2174; baseline 0.001 -11"><span class='ocrx_word' id='word_1_331' title='bbox 154 2142 220 2163; x_wconf 77' lang='lat' dir='ltr'><strong>non</strong></span> <span class='ocrx_word' id='word_1_332' title='bbox 244 2134 318 2164; x_wconf 77' lang='lat' dir='ltr'><strong>eius</strong></span> <span class='ocrx_word' id='word_1_333' title='bbox 343 2134 402 2174; x_wconf 74' lang='lat' dir='ltr'><strong>qai</strong></span> <span class='ocrx_word' id='word_1_334' title='bbox 424 2131 536 2171; x_wconf 77' lang='lat' dir='ltr'><strong>donat,</strong></span> <span class='ocrx_word' id='word_1_335' title='bbox 561 2143 638 2164; x_wconf 77' lang='lat' dir='ltr'><strong>cam</strong></span> <span class='ocrx_word' id='word_1_336' title='bbox 662 2144 727 2164; x_wconf 82' lang='lat' dir='ltr'><strong>noa</strong></span> <span class='ocrx_word' id='word_1_337' title='bbox 748 2135 795 2164; x_wconf 78' lang='lat' dir='ltr'><strong>sit</strong></span> <span class='ocrx_word' id='word_1_338' title='bbox 825 2132 966 2165; x_wconf 79' lang='lat' dir='ltr'><strong>donatio</strong></span> <span class='ocrx_word' id='word_1_339' title='bbox 997 2135 1119 2165; x_wconf 76' lang='lat' dir='ltr'><strong>mortis</strong></span> <span class='ocrx_word' id='word_1_340' title='bbox 1143 2144 1257 2172; x_wconf 76' lang='lat' dir='ltr'><strong>caasa,</strong></span> <span class='ocrx_word' id='word_1_341' title='bbox 1291 2144 1354 2165; x_wconf 74' lang='lat' dir='ltr'><strong>non</strong></span> <span class='ocrx_word' id='word_1_342' title='bbox 1381 2143 1417 2165; x_wconf 89' lang='lat' dir='ltr'><strong>eo</strong></span> <span class='ocrx_word' id='word_1_343' title='bbox 1444 2136 1578 2166; x_wconf 70' lang='lat' dir='ltr'><strong>nornine</strong></span> 
     </span>
     <span class='ocr_line' id='line_1_42' title="bbox 153 2177 1582 2221; baseline 0.001 -12"><span class='ocrx_word' id='word_1_344' title='bbox 153 2178 242 2210; x_wconf 79' lang='lat' dir='ltr'><strong>ualet</strong></span> <span class='ocrx_word' id='word_1_345' title='bbox 269 2177 361 2221; x_wconf 80' lang='lat' dir='ltr'><strong>(le.</strong></span> <span class='ocrx_word' id='word_1_346' title='bbox 384 2180 411 2219; x_wconf 78' lang='lat'><strong>7,</strong></span> <span class='ocrx_word' id='word_1_347' title='bbox 436 2180 476 2217; x_wconf 80' lang='lat'><strong>1),</strong></span> <span class='ocrx_word' id='word_1_348' title='bbox 503 2178 562 2210; x_wconf 80' lang='lat' dir='ltr'><strong>sed</strong></span> <span class='ocrx_word' id='word_1_349' title='bbox 584 2178 673 2210; x_wconf 76' lang='lat' dir='ltr'><strong>ualet</strong></span> <span class='ocrx_word' id='word_1_350' title='bbox 697 2181 729 2210; x_wconf 82' lang='lat' dir='ltr'><strong>et</strong></span> <span class='ocrx_word' id='word_1_351' title='bbox 755 2180 841 2221; x_wconf 78' lang='lat' dir='ltr'><strong>ipsa,</strong></span> <span class='ocrx_word' id='word_1_352' title='bbox 866 2181 1020 2221; x_wconf 78' lang='lat' dir='ltr'><strong>quoniam</strong></span> <span class='ocrx_word' id='word_1_353' title='bbox 1047 2179 1225 2214; x_wconf 77' lang='lat' dir='ltr'><strong>confertur</strong></span> <span class='ocrx_word' id='word_1_354' title='bbox 1250 2181 1283 2210; x_wconf 76' lang='lat' dir='ltr'><strong>in</strong></span> <span class='ocrx_word' id='word_1_355' title='bbox 1309 2182 1441 2221; x_wconf 77' lang='lat' dir='ltr'><strong>tempus</strong></span> <span class='ocrx_word' id='word_1_356' title='bbox 1458 2182 1582 2211; x_wconf 78' lang='lat' dir='ltr'><strong>matri-</strong></span> 
     </span>
     <span class='ocr_line' id='line_1_43' title="bbox 153 2223 1579 2268; baseline 0.002 -14"><span class='ocrx_word' id='word_1_357' title='bbox 153 2225 262 2255; x_wconf 81' lang='lat' dir='ltr'><strong>monii</strong></span> <span class='ocrx_word' id='word_1_358' title='bbox 283 2223 453 2267; x_wconf 73' lang='lat' dir='ltr'><strong>dirempti.</strong></span> <span class='ocrx_word' id='word_1_359' title='bbox 495 2226 543 2255; x_wconf 82' lang='lat' dir='ltr'><strong>sic</strong></span> <span class='ocrx_word' id='word_1_360' title='bbox 564 2226 645 2266; x_wconf 77' lang='lat' dir='ltr'><strong>pato</strong></span> <span class='ocrx_word' id='word_1_361' title='bbox 670 2226 801 2256; x_wconf 73' lang='lat' dir='ltr'><strong>retenta</strong></span> <span class='ocrx_word' id='word_1_362' title='bbox 825 2235 926 2266; x_wconf 80' lang='lat' dir='ltr'><strong>quam</strong></span> <span class='ocrx_word' id='word_1_363' title='bbox 949 2235 1191 2268; x_wconf 76' lang='lat' dir='ltr'><strong>proposueram</strong></span> <span class='ocrx_word' id='word_1_364' title='bbox 1215 2224 1447 2256; x_wconf 57' lang='lat' dir='ltr'><strong>emendatione</strong></span> <span class='ocrx_word' id='word_1_365' title='bbox 1472 2227 1579 2257; x_wconf 75' lang='lat' dir='ltr'><strong>iustas</strong></span> 
     </span>
     <span class='ocr_line' id='line_1_44' title="bbox 151 2268 1578 2313; baseline 0.001 -13"><span class='ocrx_word' id='word_1_366' title='bbox 151 2268 376 2301; x_wconf 75' lang='lat' dir='ltr'><strong>dubitationes</strong></span> <span class='ocrx_word' id='word_1_367' title='bbox 406 2280 427 2300; x_wconf 84' lang='lat' dir='ltr'><strong>a</strong></span> <span class='ocrx_word' id='word_1_368' title='bbox 453 2269 600 2302; x_wconf 65' lang='lat' dir='ltr'><strong>Bransto</strong></span> <span class='ocrx_word' id='word_1_369' title='bbox 633 2269 683 2310; x_wconf 80' lang='lat' dir='ltr'><strong>(in</strong></span> <span class='ocrx_word' id='word_1_370' title='bbox 708 2269 853 2302; x_wconf 72' lang='lat' dir='ltr'><strong>Belckeri</strong></span> <span class='ocrx_word' id='word_1_371' title='bbox 881 2281 961 2302; x_wconf 79' lang='lat' dir='ltr'><strong>ami.</strong></span> <span class='ocrx_word' id='word_1_372' title='bbox 988 2272 1006 2301; x_wconf 81' lang='lat'>5</span> <span class='ocrx_word' id='word_1_373' title='bbox 1031 2281 1063 2313; x_wconf 81' lang='lat' dir='ltr'><strong>p.</strong></span> <span class='ocrx_word' id='word_1_374' title='bbox 1091 2270 1147 2311; x_wconf 77' lang='lat'><strong>84)</strong></span> <span class='ocrx_word' id='word_1_375' title='bbox 1180 2273 1293 2302; x_wconf 77' lang='lat' dir='ltr'><strong>motas</strong></span> <span class='ocrx_word' id='word_1_376' title='bbox 1326 2273 1442 2302; x_wconf 74' lang='lat' dir='ltr'><strong>contra</strong></span> <span class='ocrx_word' id='word_1_377' title='bbox 1475 2273 1578 2302; x_wconf 76' lang='lat' dir='ltr'><strong>inler-</strong></span> 
     </span>
     <span class='ocr_line' id='line_1_45' title="bbox 150 2315 1578 2358; baseline 0.001 -12"><span class='ocrx_word' id='word_1_378' title='bbox 150 2317 370 2358; x_wconf 76' lang='lat' dir='ltr'><strong>pretationem</strong></span> <span class='ocrx_word' id='word_1_379' title='bbox 404 2317 439 2346; x_wconf 82' lang='lat' dir='ltr'><strong>iu</strong></span> <span class='ocrx_word' id='word_1_380' title='bbox 465 2315 513 2347; x_wconf 85' lang='lat' dir='ltr'><strong>ed.</strong></span> <span class='ocrx_word' id='word_1_381' title='bbox 546 2316 674 2347; x_wconf 77' lang='lat' dir='ltr'><strong>maiore</strong></span> <span class='ocrx_word' id='word_1_382' title='bbox 700 2315 871 2358; x_wconf 80' lang='lat' dir='ltr'><strong>prolatam</strong></span> <span class='ocrx_word' id='word_1_383' title='bbox 903 2317 1040 2348; x_wconf 76' lang='lat' dir='ltr'><strong>euitari.</strong></span> <span class='ocrx_word' id='word_1_384' title='bbox 1089 2316 1253 2348; x_wconf 77' lang='lat' dir='ltr'><strong>traditam</strong></span> <span class='ocrx_word' id='word_1_385' title='bbox 1286 2315 1458 2348; x_wconf 65' lang='lat' dir='ltr'><strong>lectionem</strong></span> <span class='ocrx_word' id='word_1_386' title='bbox 1484 2327 1578 2348; x_wconf 80' lang='lat' dir='ltr'><strong>nemo</strong></span> 
     </span>
    </p>
   </div>
   <div class='ocr_carea' id='block_1_9' title="bbox 151 2359 1577 2450">
    <p class='ocr_par' dir='ltr' id='par_1_14' title="bbox 151 2359 1577 2450">
     <span class='ocr_line' id='line_1_46' title="bbox 151 2359 1577 2404; baseline 0.001 -12"><span class='ocrx_word' id='word_1_387' title='bbox 151 2359 262 2392; x_wconf 80' lang='lat' dir='ltr'><strong>adlzue</strong></span> <span class='ocrx_word' id='word_1_388' title='bbox 285 2359 462 2392; x_wconf 69' lang='lat' dir='ltr'><strong>intelleaeit.</strong></span> <span class='ocrx_word' id='word_1_389' title='bbox 506 2360 516 2403; x_wconf 99' lang='grc' dir='ltr'>Η</span> <span class='ocrx_word' id='word_1_390' title='bbox 559 2362 576 2391; x_wconf 84' lang='grc'>3</span> <span class='ocrx_word' id='word_1_391' title='bbox 603 2366 711 2393; x_wconf 85' lang='lat' dir='ltr'><strong>matre</strong></span> <span class='ocrx_word' id='word_1_392' title='bbox 736 2362 846 2402; x_wconf 85' lang='lat' dir='ltr'><strong>repeti</strong></span> <span class='ocrx_word' id='word_1_393' title='bbox 873 2361 926 2399; x_wconf 77' lang='lat' dir='ltr'><strong>V;</strong></span> <span class='ocrx_word' id='word_1_394' title='bbox 951 2372 1016 2393; x_wconf 83' lang='lat' dir='ltr'><strong>em.</strong></span> <span class='ocrx_word' id='word_1_395' title='bbox 1036 2361 1189 2404; x_wconf 73' lang='lat' dir='ltr'><strong>Savigny</strong></span> <span class='ocrx_word' id='word_1_396' title='bbox 1206 2365 1237 2393; x_wconf 78' lang='lat' dir='ltr'><strong>et</strong></span> <span class='ocrx_word' id='word_1_397' title='bbox 1256 2362 1298 2393; x_wconf 86' lang='lat' dir='ltr'><strong>al.</strong></span> <span class='ocrx_word' id='word_1_398' title='bbox 1335 2360 1345 2404; x_wconf 95' lang='grc' dir='ltr'>Η</span> <span class='ocrx_word' id='word_1_399' title='bbox 1379 2364 1398 2393; x_wconf 73' lang='lat'>4</span> <span class='ocrx_word' id='word_1_400' title='bbox 1417 2362 1577 2393; x_wconf 79' lang='lat' dir='ltr'><strong>du11.auit</strong></span> 
     </span>
     <span class='ocr_line' id='line_1_47' title="bbox 152 2405 1577 2450; baseline 0.001 -12"><span class='ocrx_word' id='word_1_401' title='bbox 152 2405 216 2445; x_wconf 77' lang='lat' dir='ltr'><strong>Vd,</strong></span> <span class='ocrx_word' id='word_1_402' title='bbox 243 2407 375 2438; x_wconf 81' lang='lat' dir='ltr'><strong>dutauit</strong></span> <span class='ocrx_word' id='word_1_403' title='bbox 399 2407 476 2446; x_wconf 70' lang='lat' dir='ltr'><strong>Vffl3</strong></span> <span class='ocrx_word' id='word_1_404' title='bbox 502 2418 565 2438; x_wconf 85' lang='lat' dir='ltr'><strong>em.</strong></span> <span class='ocrx_word' id='word_1_405' title='bbox 591 2406 740 2449; x_wconf 72' lang='lat' dir='ltr'><strong>Savigny</strong></span> <span class='ocrx_word' id='word_1_406' title='bbox 765 2409 796 2438; x_wconf 80' lang='lat' dir='ltr'><strong>et</strong></span> <span class='ocrx_word' id='word_1_407' title='bbox 824 2407 943 2439; x_wconf 53' lang='lat' dir='ltr'><strong>Hellana</strong></span> <span class='ocrx_word' id='word_1_408' title='bbox 987 2406 997 2448; x_wconf 98' lang='grc' dir='ltr'>Η</span> <span class='ocrx_word' id='word_1_409' title='bbox 1040 2409 1058 2439; x_wconf 81' lang='grc'>5</span> <span class='ocrx_word' id='word_1_410' title='bbox 1078 2409 1197 2439; x_wconf 85' lang='lat' dir='ltr'><strong>mortis</strong></span> <span class='ocrx_word' id='word_1_411' title='bbox 1217 2413 1260 2447; x_wconf 84' lang='lat' dir='ltr'><strong>et,</strong></span> <span class='ocrx_word' id='word_1_412' title='bbox 1287 2417 1393 2450; x_wconf 72' lang='lat' dir='ltr'><strong>supra</strong></span> <span class='ocrx_word' id='word_1_413' title='bbox 1411 2413 1444 2439; x_wconf 84' lang='lat' dir='ltr'><strong>et</strong></span> <span class='ocrx_word' id='word_1_414' title='bbox 1460 2407 1577 2439; x_wconf 70' lang='lat' dir='ltr'><strong>addito</strong></span> 
     </span>
    </p>
   </div>
   <div class='ocr_carea' id='block_1_10' title="bbox 150 2451 1577 2772">
    <p class='ocr_par' dir='ltr' id='par_1_15' title="bbox 150 2451 1576 2495">
     <span class='ocr_line' id='line_1_48' title="bbox 150 2451 1576 2495; baseline 0.001 -12"><span class='ocrx_word' id='word_1_415' title='bbox 150 2461 175 2482; x_wconf 85' lang='lat' dir='ltr'><strong>a</strong></span> <span class='ocrx_word' id='word_1_416' title='bbox 198 2462 242 2484; x_wconf 85' lang='lat' dir='ltr'><strong>m.</strong></span> <span class='ocrx_word' id='word_1_417' title='bbox 269 2452 288 2483; x_wconf 85' lang='lat'><strong>2</strong></span> <span class='ocrx_word' id='word_1_418' title='bbox 314 2452 389 2492; x_wconf 85' lang='lat' dir='ltr'><strong>filii,</strong></span> <span class='ocrx_word' id='word_1_419' title='bbox 414 2452 481 2492; x_wconf 59' lang='grc' dir='ltr'><strong>Γᾶς</strong></span> <span class='ocrx_word' id='word_1_420' title='bbox 507 2455 604 2484; x_wconf 72' lang='lat' dir='ltr'><strong>(talea</strong></span> <span class='ocrx_word' id='word_1_421' title='bbox 640 2462 702 2495; x_wconf 76' lang='lat' dir='ltr'><strong>pro</strong></span> <span class='ocrx_word' id='word_1_422' title='bbox 728 2457 763 2484; x_wconf 80' lang='lat' dir='ltr'><strong>et</strong></span> <span class='ocrx_word' id='word_1_423' title='bbox 786 2454 823 2484; x_wconf 78' lang='lat' dir='ltr'><strong>in</strong></span> <span class='ocrx_word' id='word_1_424' title='bbox 847 2452 953 2485; x_wconf 82' lang='lat' dir='ltr'><strong>codice</strong></span> <span class='ocrx_word' id='word_1_425' title='bbox 975 2453 1088 2495; x_wconf 74' lang='lat' dir='ltr'><strong>faisse</strong></span> <span class='ocrx_word' id='word_1_426' title='bbox 1112 2464 1123 2485; x_wconf 93' lang='lat'>1</span> <span class='ocrx_word' id='word_1_427' title='bbox 1156 2455 1273 2485; x_wconf 76' lang='lat' dir='ltr'><strong>uisam</strong></span> <span class='ocrx_word' id='word_1_428' title='bbox 1297 2455 1350 2484; x_wconf 72' lang='lat' dir='ltr'><strong>est</strong></span> <span class='ocrx_word' id='word_1_429' title='bbox 1375 2451 1576 2494; x_wconf 70' lang='lat' dir='ltr'><strong>Deilef&#39;seno.</strong></span> 
     </span>
    </p>

    <p class='ocr_par' dir='ltr' id='par_1_16' title="bbox 155 2497 1576 2541">
     <span class='ocr_line' id='line_1_49' title="bbox 155 2497 1576 2541; baseline 0.001 -13"><span class='ocrx_word' id='word_1_430' title='bbox 155 2497 237 2529; x_wconf 65' lang='lat' dir='ltr'><strong>‘uox&#39;</strong></span> <span class='ocrx_word' id='word_1_431' title='bbox 261 2497 324 2529; x_wconf 87' lang='lat' dir='ltr'><strong>filii</strong></span> <span class='ocrx_word' id='word_1_432' title='bbox 349 2497 591 2541; x_wconf 76' lang='lat' dir='ltr'><strong>superadditur</strong></span> <span class='ocrx_word' id='word_1_433' title='bbox 616 2500 651 2529; x_wconf 76' lang='lat' dir='ltr'><strong>in</strong></span> <span class='ocrx_word' id='word_1_434' title='bbox 676 2497 785 2530; x_wconf 72' lang='lat' dir='ltr'><strong>codiee</strong></span> <span class='ocrx_word' id='word_1_435' title='bbox 811 2497 876 2530; x_wconf 87' lang='lat' dir='ltr'><strong>loco</strong></span> <span class='ocrx_word' id='word_1_436' title='bbox 901 2500 996 2531; x_wconf 77' lang='lat' dir='ltr'><strong>uocis</strong></span> <span class='ocrx_word' id='word_1_437' title='bbox 1024 2504 1128 2539; x_wconf 81' lang='lat' dir='ltr'><strong>pater,</strong></span> <span class='ocrx_word' id='word_1_438' title='bbox 1154 2509 1238 2541; x_wconf 79' lang='lat' dir='ltr'><strong>quae</strong></span> <span class='ocrx_word' id='word_1_439' title='bbox 1261 2499 1393 2529; x_wconf 70' lang='lat' dir='ltr'><strong>subesse</strong></span> <span class='ocrx_word' id='word_1_440' title='bbox 1418 2500 1452 2529; x_wconf 79' lang='lat' dir='ltr'><strong>in</strong></span> <span class='ocrx_word' id='word_1_441' title='bbox 1469 2499 1576 2530; x_wconf 76' lang='lat' dir='ltr'><strong>litura</strong></span> 
     </span>
    </p>

    <p class='ocr_par' dir='ltr' id='par_1_17' title="bbox 152 2542 1575 2587">
     <span class='ocr_line' id='line_1_50' title="bbox 152 2542 1575 2587; baseline 0 -12"><span class='ocrx_word' id='word_1_442' title='bbox 152 2542 300 2575; x_wconf 69' lang='lat' dir='ltr'><strong>uidetur’</strong></span> <span class='ocrx_word' id='word_1_443' title='bbox 326 2543 450 2575; x_wconf 85' lang='lat' dir='ltr'><strong>Maius.</strong></span> <span class='ocrx_word' id='word_1_444' title='bbox 486 2543 497 2587; x_wconf 95' lang='grc' dir='ltr'>Η</span> <span class='ocrx_word' id='word_1_445' title='bbox 531 2544 550 2575; x_wconf 90' lang='grc'>6</span> <span class='ocrx_word' id='word_1_446' title='bbox 577 2544 702 2586; x_wconf 87' lang='lat' dir='ltr'><strong>nuptiis</strong></span> <span class='ocrx_word' id='word_1_447' title='bbox 728 2543 864 2576; x_wconf 73' lang='lat' dir='ltr'><strong>uidetur</strong></span> <span class='ocrx_word' id='word_1_448' title='bbox 888 2543 1067 2576; x_wconf 73' lang='lat' dir='ltr'><strong>excidisse.</strong></span> <span class='ocrx_word' id='word_1_449' title='bbox 1099 2543 1109 2587; x_wconf 96' lang='grc' dir='ltr'>Η</span> <span class='ocrx_word' id='word_1_450' title='bbox 1140 2545 1157 2575; x_wconf 79' lang='grc' dir='ltr'><strong>’ἶ</strong></span> <span class='ocrx_word' id='word_1_451' title='bbox 1178 2544 1238 2575; x_wconf 80' lang='lat' dir='ltr'><strong>filii</strong></span> <span class='ocrx_word' id='word_1_452' title='bbox 1259 2544 1332 2576; x_wconf 65' lang='lat' dir='ltr'><strong>Vsu.</strong></span> <span class='ocrx_word' id='word_1_453' title='bbox 1363 2542 1374 2585; x_wconf 97' lang='grc' dir='ltr'>Η</span> <span class='ocrx_word' id='word_1_454' title='bbox 1405 2543 1424 2576; x_wconf 83' lang='grc'>8</span> <span class='ocrx_word' id='word_1_455' title='bbox 1441 2545 1575 2583; x_wconf 79' lang='lat' dir='ltr'><strong>uulgari</strong></span> 
     </span>
    </p>

    <p class='ocr_par' dir='ltr' id='par_1_18' title="bbox 152 2588 1575 2631">
     <span class='ocr_line' id='line_1_51' title="bbox 152 2588 1575 2631; baseline 0.001 -12"><span class='ocrx_word' id='word_1_456' title='bbox 152 2589 271 2620; x_wconf 78' lang='lat' dir='ltr'><strong>inserit</strong></span> <span class='ocrx_word' id='word_1_457' title='bbox 294 2589 337 2628; x_wconf 89' lang='lat' dir='ltr'><strong>V,</strong></span> <span class='ocrx_word' id='word_1_458' title='bbox 363 2588 475 2621; x_wconf 64' lang='lat' dir='ltr'><strong>deleat</strong></span> <span class='ocrx_word' id='word_1_459' title='bbox 496 2600 567 2631; x_wconf 75' lang='lat' dir='ltr'><strong>ego.</strong></span> <span class='ocrx_word' id='word_1_460' title='bbox 610 2588 620 2631; x_wconf 94' lang='grc' dir='ltr'>Η</span> <span class='ocrx_word' id='word_1_461' title='bbox 663 2589 682 2620; x_wconf 85' lang='grc'>9</span> <span class='ocrx_word' id='word_1_462' title='bbox 700 2589 732 2621; x_wconf 87' lang='lat' dir='ltr'><strong>in</strong></span> <span class='ocrx_word' id='word_1_463' title='bbox 752 2600 814 2631; x_wconf 83' lang='lat' dir='ltr'><strong>qua</strong></span> <span class='ocrx_word' id='word_1_464' title='bbox 841 2592 914 2629; x_wconf 83' lang='lat' dir='ltr'><strong>(sua</strong></span> <span class='ocrx_word' id='word_1_465' title='bbox 933 2590 1009 2630; x_wconf 83' lang='lat' dir='ltr'><strong>Vm)</strong></span> <span class='ocrx_word' id='word_1_466' title='bbox 1027 2591 1160 2622; x_wconf 84' lang='lat' dir='ltr'><strong>actione</strong></span> <span class='ocrx_word' id='word_1_467' title='bbox 1180 2589 1224 2627; x_wconf 84' lang='lat' dir='ltr'><strong>V;</strong></span> <span class='ocrx_word' id='word_1_468' title='bbox 1244 2590 1275 2620; x_wconf 86' lang='lat' dir='ltr'><strong>in</strong></span> <span class='ocrx_word' id='word_1_469' title='bbox 1293 2600 1388 2631; x_wconf 82' lang='lat' dir='ltr'><strong>quam</strong></span> <span class='ocrx_word' id='word_1_470' title='bbox 1407 2590 1575 2622; x_wconf 78' lang='lat' dir='ltr'><strong>actionem</strong></span> 
     </span>
    </p>

    <p class='ocr_par' dir='ltr' id='par_1_19' title="bbox 153 2633 1577 2678">
     <span class='ocr_line' id='line_1_52' title="bbox 153 2633 1577 2678; baseline 0.001 -14"><span class='ocrx_word' id='word_1_471' title='bbox 153 2633 292 2671; x_wconf 81' lang='lat' dir='ltr'><strong>malim,</strong></span> <span class='ocrx_word' id='word_1_472' title='bbox 326 2645 531 2677; x_wconf 79' lang='lat' dir='ltr'><strong>quamquam</strong></span> <span class='ocrx_word' id='word_1_473' title='bbox 562 2634 657 2678; x_wconf 76' lang='lat' dir='ltr'><strong>apud</strong></span> <span class='ocrx_word' id='word_1_474' title='bbox 691 2633 866 2667; x_wconf 79' lang='lat' dir='ltr'><strong>Iulianum</strong></span> <span class='ocrx_word' id='word_1_475' title='bbox 895 2637 929 2667; x_wconf 80' lang='lat' dir='ltr'><strong>in</strong></span> <span class='ocrx_word' id='word_1_476' title='bbox 965 2635 1028 2667; x_wconf 71' lang='lat' dir='ltr'><strong>tali</strong></span> <span class='ocrx_word' id='word_1_477' title='bbox 1061 2636 1224 2668; x_wconf 77' lang='lat' dir='ltr'><strong>locatione</strong></span> <span class='ocrx_word' id='word_1_478' title='bbox 1261 2636 1434 2667; x_wconf 71' lang='lat' dir='ltr'><strong>inuenitur</strong></span> <span class='ocrx_word' id='word_1_479' title='bbox 1470 2637 1577 2667; x_wconf 79' lang='lat' dir='ltr'><strong>etiam.</strong></span> 
     </span>
    </p>

    <p class='ocr_par' dir='ltr' id='par_1_20' title="bbox 151 2680 1534 2772">
     <span class='ocr_line' id='line_1_53' title="bbox 151 2680 1534 2724; baseline 0.003 -14"><span class='ocrx_word' id='word_1_480' title='bbox 151 2689 254 2712; x_wconf 78' lang='lat' dir='ltr'><strong>casus</strong></span> <span class='ocrx_word' id='word_1_481' title='bbox 277 2683 399 2712; x_wconf 72' lang='lat' dir='ltr'><strong>sextus</strong></span> <span class='ocrx_word' id='word_1_482' title='bbox 423 2681 485 2723; x_wconf 80' lang='lat' dir='ltr'><strong>(ef.</strong></span> <span class='ocrx_word' id='word_1_483' title='bbox 512 2680 590 2723; x_wconf 55' lang='grc' dir='ltr'><strong>Εἰς.</strong></span> <span class='ocrx_word' id='word_1_484' title='bbox 610 2682 640 2723; x_wconf 78' lang='grc'><strong>2,</strong></span> <span class='ocrx_word' id='word_1_485' title='bbox 662 2681 712 2720; x_wconf 74' lang='lat' dir='ltr'><strong>lo,</strong></span> <span class='ocrx_word' id='word_1_486' title='bbox 730 2680 748 2711; x_wconf 90' lang='lat'><strong>3</strong></span> <span class='ocrx_word' id='word_1_487' title='bbox 773 2691 827 2724; x_wconf 81' lang='lat' dir='ltr'><strong>pr.</strong></span> <span class='ocrx_word' id='word_1_488' title='bbox 856 2681 908 2721; x_wconf 80' lang='lat'><strong>12,</strong></span> <span class='ocrx_word' id='word_1_489' title='bbox 927 2682 957 2721; x_wconf 77' lang='lat'><strong>2,</strong></span> <span class='ocrx_word' id='word_1_490' title='bbox 976 2682 1044 2722; x_wconf 82' lang='lat'>39).</span> <span class='ocrx_word' id='word_1_491' title='bbox 1522 2685 1534 2719; x_wconf 70' lang='lat' dir='ltr'><em>s</em></span> 
     </span>
     <span class='ocr_line' id='line_1_54' title="bbox 229 2735 1370 2772; baseline 0.002 -11"><span class='ocrx_word' id='word_1_492' title='bbox 229 2735 371 2762; x_wconf 73' lang='lat' dir='ltr'><strong>Collectio</strong></span> <span class='ocrx_word' id='word_1_493' title='bbox 392 2736 447 2763; x_wconf 87' lang='lat'>111.</span> <span class='ocrx_word' id='word_1_494' title='bbox 1349 2740 1370 2772; x_wconf 81' lang='lat'>4</span> 
     </span>
    </p>
   </div>
  </div>
 </body>
</html>
