1828 3011
226 158 406 186 CONSVLT.
428 149 458 192 1,
479 147 604 192 8—2,3.
715 171 831 177 ——
894 148 979 188 204
1040 171 1157 174 —

134 269 164 307 1,
190 281 205 304 s
340 265 437 316 Imp.
469 265 681 304 Alexander
711 265 753 303 A.
786 263 981 314 Dionysio,
1043 262 1099 300 Ad
1130 262 1277 301 locum:
1316 261 1492 306 Pactum,
1532 260 1638 311 quod

227 322 325 361 mala
356 322 430 360 fide
461 323 606 360 factum
639 327 709 367 est,
741 321 895 359 irritum
933 330 1018 357 esse
1049 324 1086 356 et
1117 324 1255 357 cetera.
1301 317 1376 356 ΡΡ.
1398 318 1431 356 II
1453 317 1503 356 id.
1529 317 1636 368 Sept.

225 378 440 417 Alexandro
469 378 564 428 Aug.
597 390 703 416 cons.

134 434 163 475 l,
189 445 205 469 9
282 435 378 473 Item
411 434 481 472 alia
512 434 647 472 eodem
680 433 778 471 libro
809 437 846 469 et
877 442 1056 480 corpore:

338 491 460 541 Impp.
494 490 754 528 Diocletianus
787 493 824 525 et
854 486 1111 525 Maximianus
1142 485 1217 524 ΑΑ.
1250 485 1404 523 Aurelio
1436 484 1638 523 Heraclidi.

225 546 266 585 Si
297 559 374 584 non
409 559 455 584 ex
482 546 664 584 mandato
687 544 817 582 uxoris
851 548 938 581 tuae
969 542 1192 581 aduersario
1223 541 1306 579 eius
1338 540 1555 579 cautionem
1578 553 1642 579 re-

224 602 376 648 misisti,
417 602 531 652 idque
563 599 810 639 euidentibus
844 598 1088 637 documentis
1121 597 1331 636 monstrari
1362 602 1501 648 potest,
1539 596 1643 647 quod

224 659 317 697 citra
348 657 625 696 conscientiam
660 656 790 694 uxoris
823 661 910 693 tuae
941 661 980 693 et
1011 667 1053 693 ea
1084 654 1206 693 inuita
1229 655 1373 692 factum
1396 659 1465 696 est,
1499 653 1644 691 carebit

225 715 376 752 effectu.
418 713 491 751 ΡΡ.
515 713 598 751 VIII
620 712 670 751 id.
696 713 800 763 Sept.
824 711 1060 749 Diocletiano
1082 711 1112 748 V
1129 716 1167 749 et
1187 710 1419 749 Maximiano
1441 709 1491 747 III
1514 721 1641 747 conss.

119 770 146 811 ¹,
172 782 205 805 10
280 771 377 808 Item
410 769 480 808 alia
512 769 647 807 eodem
679 768 778 806 libro
810 774 848 806 et
879 779 1057 818 corpore:

335 827 459 877 Impp.
493 826 613 864 Carus
652 831 690 863 et
721 823 983 863 Numerianus
1015 823 1090 861 ΑΑ.
1125 822 1292 861 Aurelio.
1353 821 1451 860 Cum
1494 820 1642 859 fraudis

223 882 351 920 studio
391 882 694 920 transactionem
732 879 999 931 interpositam
1035 892 1118 918 esse
1150 878 1266 925 dicas,
1308 878 1411 928 quod
1442 877 1543 916 inter
1574 889 1645 916 uos

224 944 374 988 gestum
409 944 478 983 est,
515 938 688 976 infirmat
718 936 813 975 iuris
843 936 1052 975 auctoritas
1084 942 1122 974 et
1152 935 1311 985 reliqua.
1371 933 1446 972 ΡΡ.
1478 933 1526 972 Vl
1557 932 1644 972 idus

223 994 402 1033 Decemb.
437 994 532 1033 Caro
570 1000 608 1033 et
639 993 777 1033 Carino
810 992 1048 1031 consulibus.

114 1048 143 1089 l,
170 1059 203 1083 11
338 1051 437 1101 Ergo
469 1051 499 1089 si
531 1051 634 1101 leges
656 1056 865 1088 seruantur
887 1055 925 1088 et
946 1048 1223 1087 custodiuntur
1243 1046 1465 1098 principum
1487 1050 1644 1090 statuta,

224 1107 455 1158 pactionem,
497 1107 543 1145 de
579 1119 654 1157 qua
691 1106 811 1144 locuti
842 1118 992 1151 sumus,
1034 1103 1399 1143 manifestissimum
1431 1108 1490 1141 est
1520 1101 1645 1140 nullas

117 1165 147 1206 1,
173 1176 206 1200 12
227 1163 330 1202 uires
356 1163 508 1202 habere.
569 1175 659 1201 nam
691 1162 765 1201 hoc
795 1162 878 1200 loco
910 1160 1167 1200 Theodosiani
1199 1161 1321 1210 legem
1354 1159 1400 1198 de
1429 1158 1552 1210 pactis
1574 1170 1645 1208 pro

225 1220 298 1258 hoc
329 1219 473 1258 credidi
503 1219 760 1265 inserendam,
794 1218 882 1268 quia
913 1217 1069 1256 initium
1101 1215 1225 1268 ipsius
1258 1215 1549 1254 constitutionis
1572 1214 1645 1252 tale

225 1282 295 1321 est,
329 1282 371 1314 ut
393 1275 509 1314 dicat:
544 1275 599 1314 ‘Si
629 1275 839 1313 aduersum
867 1280 976 1325 pacta
1000 1274 1062 1312 uel
1084 1272 1375 1318 transactiones,
1407 1283 1502 1322 quas
1523 1270 1645 1309 libero

225 1331 397 1370 ‘arbitrio
435 1338 474 1370 et
512 1332 712 1370 uoluntate
750 1330 926 1377 confecit,
963 1329 1162 1381 putauerit
1193 1341 1278 1366 esse
1309 1327 1561 1373 ueniendum,
1608 1331 1647 1364 et

225 1392 403 1439 ‘poenam
442 1388 577 1426 reddat
615 1393 653 1426 et
684 1387 946 1425 emolumenta
976 1385 1112 1436 perdat
1142 1390 1181 1423 et
1210 1384 1410 1422 infamiam
1441 1383 1645 1422 incurrat':

226 1445 292 1482 sed
323 1444 397 1490 ille,
429 1444 496 1494 qui
532 1444 697 1482 liberum
736 1442 941 1481 arbitrium
980 1441 1127 1487 habuit,
1174 1452 1254 1478 non
1283 1440 1358 1486 ille,
1401 1439 1468 1490 qui
1499 1439 1646 1478 inuitus

224 1500 315 1538 fecit
345 1506 382 1538 et
413 1500 576 1538 faciendi
608 1500 851 1538 uoluntatem
883 1511 962 1536 non
995 1497 1143 1536 habuit.

131 1564 162 1605 2,
189 1574 204 1598 1
341 1557 518 1595 Secundo
552 1557 636 1595 loco
669 1568 732 1594 me
763 1554 1046 1593 consulendum
1080 1553 1152 1592 sub
1183 1553 1254 1591 hac
1286 1564 1382 1591 uoce
1415 1550 1572 1598 duxisti,
1604 1556 1648 1590 ut

226 1612 373 1651 diceres
416 1612 649 1651 diuisionem
687 1612 727 1650 in
766 1612 921 1650 castello
961 1611 1015 1649 sic
1058 1611 1199 1649 factam
1237 1622 1257 1648 a
1297 1608 1435 1648 marito
1474 1607 1647 1646 mulieris

224 1668 361 1720 ipsius,
396 1675 438 1708 ut
468 1669 530 1707 illa
562 1668 758 1707 nesciente
791 1669 931 1707 domus
963 1679 1052 1706 cum
1087 1665 1272 1705 membris
1305 1665 1386 1704 suis
1418 1665 1481 1703 uel
1512 1663 1647 1715 hospi-

131 1718 166 1760 22
190 1731 205 1754 2
227 1725 290 1763 tiis
322 1725 582 1764 circumiectis
615 1725 738 1763 diuisa
770 1725 831 1763 sit.
881 1724 972 1763 Sine
1004 1722 1240 1762 conscientia
1263 1721 1393 1761 uxoris
1416 1721 1448 1760 si
1470 1733 1512 1759 ea
1534 1732 1647 1771 prae-

227 1781 353 1820 dictus
386 1782 548 1820 maritus
581 1781 716 1820 fecerit
746 1781 850 1819 nulla
881 1780 1110 1830 aequalitate
1136 1784 1301 1825 seruata,
1333 1777 1439 1816 nulla
1460 1788 1648 1828 compen-

226 1838 375 1877 satione
411 1838 451 1876 in
488 1838 670 1877 omnibus
709 1837 914 1881 custodita,
953 1837 1000 1874 ad
1040 1836 1133 1874 haec
1164 1835 1283 1874 uerba
1314 1847 1360 1873 ex
1391 1834 1519 1884 legum
1552 1844 1648 1871 con-

226 1894 429 1933 stitutione
469 1894 653 1946 respondi
693 1893 877 1932 maritum
919 1892 958 1931 in
989 1892 1152 1943 negotiis
1185 1890 1317 1930 uxoris
1350 1890 1432 1929 sine
1465 1888 1646 1928 mandato

225 1963 303 1989 non
335 1957 437 1989 recte
468 1951 613 2001 aliquid
646 1950 824 1989 definire:
857 1962 928 1988 nec
958 1961 1073 2000 posse
1104 1948 1248 1998 aliquid
1270 1948 1428 1985 firmum
1452 1951 1490 1984 et
1511 1945 1647 1984 stabile

230 2019 326 2053 esse,
359 2008 461 2057 quod
494 2008 576 2046 sine
599 2007 833 2045 conscientia
858 2006 987 2044 uxoris
1011 2005 1057 2044 de
1088 2004 1205 2043 rebus
1229 2003 1374 2042 uxoriis
1397 2003 1505 2041 uisus
1530 2001 1648 2040 fuerit

225 2063 471 2113 transegisse,
504 2063 732 2114 praesertim
765 2063 798 2101 si
830 2063 1014 2100 doceatur
1046 2061 1195 2099 inutilis
1227 2072 1311 2099 esse
1342 2065 1380 2098 et
1401 2059 1485 2097 sine
1505 2069 1647 2108 aequa-

132 2117 161 2159 22
189 2129 205 2152 3
225 2118 331 2158 litate
365 2120 424 2157 uel
456 2120 771 2170 compensatione
801 2119 884 2170 ipsa
916 2117 1068 2157 diuisio.
1120 2117 1264 2155 Notum
1297 2122 1368 2161 est,
1400 2114 1503 2166 quod
1530 2114 1646 2152 etiam

224 2176 254 2213 si
293 2176 475 2214 mandato
516 2176 646 2214 uxoris
684 2175 874 2214 niteretur
905 2181 944 2213 et
974 2174 1218 2213 fraudulenta
1250 2172 1389 2211 diuisio
1423 2172 1484 2210 uel
1515 2170 1646 2208 minus

315 2249 400 2324 c.81,
425 2249 443 2279 8
476 2249 576 2287 (hanc
600 2247 620 2289 ξ
645 2250 827 2291 eoeseripsz't
857 2248 918 2280 Ιιιο
951 2247 1045 2279 Decr.
1075 2247 1127 2288 16,
1154 2247 1212 2286 21)
1230 2261 1273 2272 =
1291 2257 1318 2277 c.
1337 2245 1369 2286 9,
1397 2245 1435 2276 ll
1465 2242 1539 2275 Cod.
1565 2242 1647 2279 lust,

222 2295 240 2325 2
280 2295 298 2326 3
363 2317 369 2325 .

245 2318 253 2334 ’
304 2319 342 2370 '‹:.
374 2341 401 2378 1,
432 2337 469 2370 12
495 2337 721 2369 Theodosiani
748 2338 868 2378 Iegem]
895 2340 917 2369 ι’.
944 2349 970 2368 e.
999 2336 1074 2368 cod.
1108 2336 1226 2368 leeod.
1253 2335 1285 2375 2,
1311 2336 1341 2376 9,
1368 2334 1397 2365 3.

319 2419 329 2449 1
362 2416 531 2458 dionysio]
564 2415 694 2446 aurelio
729 2415 818 2446 dion.
853 2427 879 2446 c.
908 2418 938 2455 9,
968 2417 1017 2447 11.
1061 2414 1070 2455 11
1114 2414 1132 2444 2
1166 2419 1217 2445 est
1245 2412 1368 2444 factum
1393 2412 1463 2444 Ιιιο.
1505 2412 1517 2449 Ιί
1561 2413 1646 2450 esse]

224 2471 296 2492 esse
323 2461 420 2492 debet
444 2461 513 2492 Iao.
550 2459 560 2501 11
595 2460 614 2491 9
640 2460 669 2493 V
693 2460 735 2498 (V
757 2470 820 2491 om.
850 2460 918 2491 Cui.
942 2460 1036 2492 1560.
1067 2460 1168 2499 1577)
1195 2463 1228 2490 et
1253 2469 1294 2489 m.
1319 2456 1372 2496 ΙΙΙ]
1399 2460 1457 2488 aut
1473 2455 1529 2488 IIII
1555 2461 1588 2488 et
1606 2467 1647 2488 in.

224 2506 264 2538 III
289 2507 334 2545 (a.
355 2506 434 2545 290)
461 2508 521 2537 aut
547 2505 576 2537 V
602 2509 636 2536 et
660 2504 775 2536 m.1111
801 2507 845 2542 (a.
866 2505 945 2543 293)
970 2515 1034 2536 scr.
1065 2501 1074 2545 11
1107 2506 1227 2542 conss]
1255 2513 1304 2534 aa.
1331 2512 1416 2533 0088.
1448 2502 1518 2533 Cui.
1550 2502 1645 2533 1566.

224 2550 234 2591 [f
280 2552 315 2582 11
358 2554 475 2593 imppp.
509 2560 608 2582 carus
639 2551 774 2582 carinus
801 2555 835 2581 et
862 2561 946 2581 uum.
981 2560 1051 2581 aaa.
1080 2550 1276 2589 requiritur.
1318 2546 1327 2587 1
1373 2547 1412 2579 14
1438 2546 1646 2578 dccemcbris

229 2596 298 2627 Cui.
330 2597 425 2628 1577.
469 2595 479 2637 11
526 2596 563 2627 19
597 2595 684 2627 dicat
719 2595 787 2627 Cm'.
818 2596 914 2633 1536,
949 2595 1041 2626 dicas
1076 2594 1146 2626 Cui.
1177 2593 1273 2625 1577.
1316 2592 1326 2634 11
1367 2592 1410 2622 27
1436 2592 1509 2623 sine
1535 2602 1646 2623 conse.

224 2652 280 2727 fix.
308 2651 385 2671 (vim
412 2641 576 2672 Haschkz‘o
605 2640 650 2671 ad
673 2650 755 2682 seqq.
782 2642 966 2680 tran-imus,
997 2640 1042 2671 ad
1063 2638 1292 2682 praecedentia
1317 2637 1447 2669 rettultl
1475 2636 1644 2668 euinctus.

233 2686 237 2727 1
283 2686 321 2716 31
352 2691 385 2717 et
409 2696 473 2717 om.
505 2686 575 2717 Cui.
605 2686 700 2717 1577.

1659 377 1683 394 a.
1703 370 1755 395 222

1666 487 1688 522 5

1673 767 1716 800 10

1664 1013 1689 1031 a.
1707 1007 1759 1031 283

1674 1053 1715 1087 15

1674 1614 1718 1649 25

1673 1897 1720 1931 30

1674 2178 1718 2212 35

1812 413 1818 519 1

1814 522 1818 642 1
