1828 3011
748 113 1190 154 —130—

266 230 400 269 ordine
441 230 735 270 diudendarium
775 230 1047 269 hereditatium
1088 230 1126 268 in
1165 230 1323 269 ecclesia
1364 230 1456 269 satis
1487 235 1677 277 constare,

264 299 497 326 enumerans
528 287 595 338 qui
624 288 753 337 legum
785 287 830 325 de
861 299 903 325 ea
935 299 975 324 re
1006 286 1196 325 contraria
1227 293 1265 325 et
1295 286 1552 326 discordantia
1582 299 1678 325 con-

264 343 391 382 ciliare
443 351 558 394 atque
601 356 834 395 componere
879 342 1137 388 studuissent,
1192 349 1396 393 postquam
1445 343 1679 382 memorauit

265 401 432 451 synodos
463 401 558 439 duas
580 400 782 438 Nicaenam
816 412 847 438 a.
871 399 951 438 325
984 405 1022 437 et
1043 398 1505 450 Constantinopolitanam
1539 413 1570 438 a.
1596 400 1674 439 381

263 456 315 495 ita
347 457 487 508 pergit:
521 457 753 508 ‘composuit
783 456 920 495 deinde
952 455 1086 505 (leges)
1116 461 1205 506 post
1233 456 1303 493 hos
1325 456 1552 495 Ambrosius
1573 456 1679 508 epis-

265 517 396 564 ‘copus
420 512 774 558 Mediolanensium,
807 524 895 551 curn
927 524 946 549 a
970 511 1170 550 Valentino
1199 524 1287 562 rege
1308 512 1437 551 iussus
1459 518 1561 551 esset
1582 512 1680 551 scri-

263 569 367 608 ‘bere
399 576 437 608 et
467 570 504 608 in
530 570 703 608 ordinem
727 568 898 618 redigere
920 575 1063 606 statuta
1086 575 1123 606 et
1147 564 1286 613 τοὲξεις
1308 565 1530 620 ἡγεμόσιῙ)
1553 569 1680 620 regio-

264 631 389 664 61111111;
437 632 475 664 et
518 638 564 663 ex
609 625 763 675 regibus
802 624 1028 663 Christianis
1073 625 1186 663 etiam
1229 624 1470 676 scripserunt
1514 625 1597 664 iura
1642 631 1681 664 et

264 682 427 720 ‘decreta
460 681 739 720 Constantinus
776 680 838 719 ille
871 693 1033 731 magnus
1065 688 1103 720 et
1133 681 1375 719 Theodosius
1406 687 1444 720 et
1475 680 1610 729 Leo.2)
1642 688 1682 720 et

265 739 370 777 ‘haec
391 738 560 788 quidem,
584 744 627 776 ut
648 737 922 789 comperimus,
945 738 982 775 in
1007 745 1107 776 terra
1131 737 1375 776 Occidentis'.
1413 749 1504 776 sane
1526 744 1680 789 tempus

263 795 506 845 aliquatenus
538 794 734 840 conuenit,
767 806 854 832 cum
879 794 1107 833 Ambrosius
1140 794 1240 832 diem
1274 793 1413 832 obierit
1441 794 1501 833 die
1528 795 1565 832 4.
1587 795 1680 846 Apr.

263 864 295 889 a.
319 851 412 896 397,
446 857 484 889 et
515 851 591 901 agit
621 851 772 889 libellus
804 851 865 889 hic
893 851 940 889 de
961 850 1240 889 hereditatibus
1261 851 1346 889 fuse
1368 863 1494 901 neque
1514 851 1681 890 intentio

263 907 468 946 scribentis
500 914 539 946 et
561 907 638 946 stili
660 920 782 958 genus
803 907 850 946 ab
871 908 1076 946 Ambrosio
1098 908 1330 953 abhorrent3
1363 907 1530 958 denique
1553 907 1680 946 uersio

262 963 515 1002 Pentateuchi
551 976 666 1015 quam
700 971 834 1002 auctor
864 965 1040 1003 adhibuit
1070 964 1104 1003 ei
1135 977 1209 1015 qua
1238 964 1467 1002 Ambrosius
1499 977 1592 1003 usus
1623 970 1688 1004 est.

263 1027 365 1058 certe
397 1020 592 1059 simillima
625 1019 736 1071 est3).
788 1021 855 1059 sed
887 1027 1015 1059 tamen
1048 1033 1134 1059 cum
1168 1021 1339 1059 libellum
1373 1032 1489 1072 supra
1517 1021 1682 1060 demon-

263 1077 520 1116 strauerimus
551 1077 698 1116 editum
731 1090 815 1116 esse
845 1084 934 1128 post
964 1085 1130 1116 mortem
1154 1076 1410 1116 Valentiniani
1432 1077 1478 1123 ΙΙ,
1510 1077 1545 1116 01
1575 1078 1681 1117 1111110

262 1134 378 1172 modo
411 1134 579 1172 dedicari
609 1134 748 1185 potuit.
809 1146 881 1172 nec
913 1134 1033 1184 magis
1064 1134 1258 1178 credibile,
1304 1134 1405 1185 quod
1439 1135 1569 1185 posuit
1599 1134 1682 1173 Ru-

263 1190 437 1238 dorffius,
479 1198 675 1229 auctorem
710 1190 941 1229 scribentem
976 1203 1053 1229 non
1086 1197 1174 1229 ante
1205 1204 1237 1229 a.
1261 1190 1342 1230 394
1374 1203 1604 1242 prouocasse
1635 1191 1682 1230 ad

262 1246 414 1285 iussum
453 1246 709 1286 Valentiniani
753 1247 870 1299 primi
915 1254 1002 1286 ante
1042 1247 1176 1297 uiginti
1216 1248 1297 1286 fere
1333 1260 1456 1286 annos
1495 1247 1681 1286 defuncti.

263 1309 419 1342 ‘statuta
465 1316 618 1354 quoque
665 1310 702 1342 et
747 1304 900 1342 ordines
941 1304 1183 1355 praesidibus
1222 1303 1461 1342 transmissa'
1499 1305 1539 1343 in
1577 1305 1684 1343 hunc

262 1359 434 1398 libellum
467 1372 602 1411 parum
637 1360 839 1410 quadrant.
900 1360 1064 1411 denique
1086 1373 1183 1412 opus
1207 1361 1303 1398 exile
1331 1367 1369 1399 et
1390 1360 1537 1399 scribae
1559 1361 1682 1411 magis

263 1428 378 1466 quam
412 1417 612 1468 scriptoris
643 1429 779 1467 parum
813 1417 998 1455 conuenit
1030 1417 1113 1455 niro
1145 1429 1213 1468 per
1243 1429 1309 1455 eos
1335 1429 1458 1455 annos
1481 1429 1681 1456 summum

262 1472 388 1511 10011111
415 1485 490 1510 11011
512 1473 552 1510 111
574 1473 732 1511 ecclesia
756 1473 896 1516 solum,
918 1473 983 1511 sed
1007 1474 1044 1511 in
1067 1486 1107 1511 re
1129 1473 1281 1524 publica
1303 1485 1458 1524 quoque
1480 1473 1682 1520 obtinenti,

262 1536 300 1567 et
336 1529 368 1567 si
399 1529 446 1567 ab
467 1535 624 1568 auctore
647 1536 724 1568 tam
757 1531 858 1568 claro
880 1536 918 1568 et
950 1536 1026 1568 tam
1059 1530 1229 1568 lectitato
1252 1530 1414 1576 ueniret,
1447 1530 1548 1582 apud
1570 1529 1684 1568 Chri-

263 1586 406 1624 stianos
439 1586 647 1637 scriptores
678 1587 813 1624 aetatis
844 1586 1070 1637 posterioris
1103 1586 1324 1625 testimonia
1354 1599 1432 1624 non
1464 1587 1684 1626 deficerent.

375 1642 431 1680 Ad
462 1643 582 1681 libros
610 1648 654 1681 ut
681 1643 898 1689 ueniamus,
930 1656 1028 1694 quos
1061 1644 1265 1694 usurpauit
1295 1643 1389 1681 iuris
1417 1643 1566 1694 peritus
1597 1656 1683 1682 sae-

264 1698 340 1736 culi
371 1700 496 1749 quarti
528 1699 705 1738 exeuntis
736 1699 876 1738 horum
909 1701 1233 1739 collectaneorum
1265 1700 1476 1746 ordinator,
1512 1700 1550 1739 in
1581 1699 1684 1738 Pen-

263 1756 444 1794 tateucho
491 1756 583 1794 satis
628 1768 760 1807 presse
803 1756 979 1806 sequitur
1016 1757 1257 1808 septuaginta
1293 1757 1551 1809 interpretum
1594 1769 1685 1795 uer-

263 1812 411 1850 sionem
446 1812 641 1859 Graecam,
685 1813 795 1851 cuius
831 1820 1033 1865 propterea
1070 1814 1174 1852 locos
1210 1813 1399 1865 excerptis
1430 1813 1490 1852 his
1520 1825 1687 1865 respon-

264 1868 401 1907 dentes
439 1868 477 1907 in
525 1876 751 1920 apparatum
791 1870 967 1908 criticum
1011 1870 1248 1909 rettulimus.
1310 1877 1457 1909 textum
1495 1871 1684 1909 Graecum

264 1925 310 1963 ab
341 1925 425 1976 ipso
453 1925 668 1964 adhibitum
702 1939 787 1965 esse
809 1927 966 1965 homine
988 1927 1149 1977 degente
1171 1927 1210 1965 in
1234 1927 1443 1966 Occidente
1474 1939 1517 1966 ea
1547 1933 1683 1973 aetate,

264 1981 329 2019 ubi
367 1981 482 2020 biblia
520 1982 654 2021 Latine
691 1984 788 2021 facta
827 1983 909 2021 sine
951 1983 1067 2022 dubio
1106 1983 1255 2022 facilius
1295 1985 1530 2035 parabantur
1566 1995 1683 2034 quam

265 2038 419 2084 Graeca,
466 2051 602 2090 parum
642 2040 838 2090 probabile
877 2045 947 2086 est,
994 2053 1120 2091 neque
1161 2040 1248 2079 alibi
1291 2041 1365 2079 ulla
1404 2040 1568 2079 Graecae
1604 2039 1684 2078 lin-

265 2107 360 2144 guae
405 2095 541 2134 notitia
587 2095 627 2133 in
672 2096 799 2135 libello
846 2096 1160 2148 deprehenditur.
1221 2109 1299 2136 non
1338 2103 1561 2148 usurpatam
1598 2109 1684 2135 esse

265 2151 312 2189 ab
357 2164 401 2190 eo
444 2151 663 2190 uersionem
708 2153 1046 2204 Hieronymianam
1085 2166 1175 2192 cum
1217 2159 1369 2193 constet
1406 2154 1510 2204 (nam
1551 2165 1599 2191 ne
1637 2166 1683 2192 eo

271 2246 505 2253 VsJ*'N⁴‹‘f-VUW»¹J-

669 2247 699 2254 N
702 2247 731 2254 ‘J
734 2248 845 2255 &uſsaw
848 2248 861 2255 .›
864 2248 1015 2255 »Μ’-«Λ

266 2307 300 2334 et
325 2302 445 2344 perite,
470 2307 508 2334 ut
532 2303 610 2335 mihi
637 2305 812 2344 quaerenti
838 2304 1012 2347 respondit
1029 2305 1249 2337 Noeldekius.
1299 2303 1347 2336 Cf.
1367 2305 1470 2336 Bruns
1496 2308 1530 2336 et
1553 2303 1684 2336 Sachau

264 2348 606 2390 syrisclz-ro'misclzes
630 2348 834 2381 Rechtsbuclz
860 2361 889 2392 p.
912 2351 984 2383 176.

357 2392 384 2433 1)
413 2394 583 2425 Vocabula
608 2395 688 2426 haee
715 2394 843 2427 Graeca
870 2396 976 2438 Syrus
1001 2395 1156 2427 retinuit.

357 2438 384 2478 2)
412 2438 533 2470 Horum
565 2440 663 2471 trium
689 2440 925 2482 imperatorum
953 2441 1082 2472 nomine
1107 2441 1317 2482 significatur
1343 2440 1570 2482 compendium
1597 2439 1684 2472 iuris

266 2483 298 2514 id
324 2484 409 2526 quod
436 2485 613 2517 ediderunt
639 2486 744 2517 ssruns
771 2491 806 2518 et
831 2487 968 2518 Sachau.

358 2528 382 2567 3)
410 2530 620 2562 Ambrosium
652 2541 746 2562 usum
779 2542 854 2562 esse
879 2533 1037 2563 uei-sione
1068 2541 1117 2573 ea,
1151 2531 1245 2563 cuius
1276 2530 1435 2572 reliquias
1462 2534 1602 2562 seruant
1627 2541 1684 2562 co-

267 2573 358 2606 dices
380 2574 608 2614 Lugdunensis
635 2582 669 2608 et
688 2576 986 2616 wirceburgensis
1014 2577 1102 2608 (uide
1121 2575 1233 2617 infra),
1261 2580 1414 2608 statuunt
1439 2576 1475 2607 H.
1496 2575 1532 2607 F.
1550 2575 1683 2608 Reusch

267 2619 300 2648 iu
319 2620 389 2661 eph.
415 2619 584 2662 Tzrhinger
600 2620 820 2664 theolog-ischa
837 2621 1106 2665 Quartalscln·z'ft
1122 2633 1151 2654 a.
1172 2622 1256 2654 1870
1274 2632 1302 2662 p.
1317 2621 1380 2660 463
1399 2620 1542 2664 Vlysses
1555 2620 1684 2653 Robert

267 2663 300 2694 in
328 2665 576 2706 prolegomenis
602 2668 762 2700 editionis
790 2678 818 2710 p.
839 2666 979 2699 CXXX.
