1828 3011
237 150 430 178 COLLA'rIo
452 140 507 183 15,
525 151 551 177 2.
716 158 834 163 ——
898 140 980 181 186
1040 157 1157 161 *—

102 260 155 301 15,
171 272 225 302 2‚2
240 266 285 299 ut
314 259 353 298 in
385 271 474 298 eum
507 258 851 297 animaduertatur.
898 256 962 295 sed
985 255 1058 294 fuit
1078 255 1310 306 quaesitum,
1333 261 1465 294 utrum
1488 253 1647 293 scientia

237 316 462 355 huiusmodi
498 315 701 354 hominum
739 314 924 365 puniatur
961 324 1007 350 an
1040 312 1221 350 exercitio
1258 319 1296 350 et
1325 311 1525 362 professio.
1585 310 1647 360 [et]

236 373 393 424 quidem
426 372 527 424 apud
561 377 713 409 ueteres
745 370 943 408 dicebatur
975 368 1255 419 professionem
1287 380 1434 411 eorum,
1466 380 1542 406 non
1572 379 1645 405 no-

235 429 360 468 titiam
394 441 478 467 esse
508 427 762 479 prohibitam:
794 432 927 477 postea
958 424 1164 462 uariatum.
1221 436 1291 462 nec
1322 423 1645 462 dissimulandum

236 492 295 525 est
330 496 627 535 nonnumquam
665 483 874 533 inrepsisse
910 481 949 519 in
981 493 1114 526 usum,
1147 487 1191 518 ut
1221 480 1334 518 etiam
1367 481 1645 531 profiterentur
1671 479 1692 514 5

236 549 274 581 et
304 541 457 593 publice
488 553 528 579 se
560 539 800 590 praeberent.
867 537 968 588 quod
1001 537 1157 587 quidem
1191 536 1311 587 magis
1342 549 1410 587 per
1440 543 1645 575 contuma-

235 599 331 637 ciam
363 604 401 636 et
433 597 690 636 temeritatem
724 607 859 633 eorum
882 595 1027 632 factum
1049 598 1119 639 est,
1151 593 1217 644 qui
1239 592 1314 631 uisi
1335 599 1445 631 erant
1466 593 1528 631 uel
1549 605 1647 631 con-

237 655 364 693 sulere
395 654 457 692 uel
490 664 677 698 exercere,
710 663 825 701 quam
848 650 950 701 quod
972 651 1100 689 fuerat
1120 650 1370 701 permissum.
1422 649 1647 700 saepissime

237 711 405 760 denique
435 708 685 747 interdictum
717 713 776 746 est
805 707 886 745 fere
917 707 963 745 ab
995 706 1175 745 omnibus
1196 705 1450 757 principibus,
1482 718 1530 744 ne
1560 705 1646 756 quis

234 767 394 805 omnino
417 765 640 804 huiusmodi
662 763 818 815 ineptiis
841 776 882 802 se
902 763 1138 809 inmisceret,
1170 770 1209 801 et
1229 761 1334 800 uarie
1354 761 1481 812 puniti
1508 768 1600 800 sunt
1620 762 1646 800 ii
1676 760 1718 795 10

232 823 298 874 qui
329 823 368 860 id
395 821 651 868 exercuerint,
683 833 754 872 pro
786 832 968 858 mensura
1009 819 1157 858 scilicet
1187 817 1496 858 consultationis.
1556 830 1646 856 nam

234 879 301 930 qui
333 879 378 917 de
409 878 598 930 principis
631 878 765 923 salute,
799 876 922 928 capite
952 876 1078 928 puniti
1110 881 1201 914 sunt
1232 875 1295 914 uel
1326 887 1400 925 qua
1422 874 1493 913 alia
1523 886 1648 925 poena

233 935 409 985 grauiore
441 934 601 974 adfecti:
641 933 842 972 enimuero
880 933 912 972 si
948 933 1014 984 qui
1046 933 1091 971 de
1123 945 1191 971 sua
1224 943 1476 982 suorumque,
1508 930 1646 969 leuius.

232 993 335 1031 inter
380 992 452 1030 hos
489 991 682 1030 habentur
712 990 1003 1036 uaticinatores,
1035 1001 1270 1040 quamquam
1304 988 1329 1026 ii
1360 1000 1513 1039 quoque
1544 988 1649 1038 plec-

232 1048 339 1087 tendi
375 1054 480 1095 sunt,
521 1047 704 1098 quoniam
743 1059 1038 1096 nonnumquam
1078 1052 1213 1084 contra
1252 1044 1443 1097 publicam
1477 1044 1647 1095 quietem
1675 1042 1718 1077 15

232 1104 520 1157 imperiumque
551 1103 684 1155 populi
715 1103 879 1142 Romani
901 1103 1161 1154 inprobandas
1183 1108 1285 1140 artes
1307 1107 1499 1140 exercent.
1546 1106 1650 1139 extat

233 1161 398 1212 denique
445 1162 643 1200 decretum
691 1159 771 1199 diui
814 1159 873 1198 Pii
919 1160 965 1198 ad
996 1159 1182 1198 Pacatum
1220 1159 1387 1209 legatum
1425 1156 1649 1209 prouinciae

233 1217 549 1269 Lugudunensis,
582 1216 693 1256 cuius
724 1215 902 1267 rescripti
935 1215 1052 1254 uerba
1085 1215 1172 1266 quia
1204 1215 1325 1253 multa
1358 1221 1463 1259 sunt,
1497 1213 1543 1252 de
1572 1213 1650 1251 fine

234 1275 317 1313 eius
348 1274 394 1313 ad
425 1275 554 1313 locum
588 1274 680 1312 haec
700 1285 820 1324 pauca
843 1272 1001 1311 subieci.
1049 1272 1213 1322 denique
1236 1271 1350 1310 diuus
1372 1271 1523 1309 Marcus
1545 1282 1648 1316 eum,

231 1332 296 1381 qui
341 1336 450 1369 motu
488 1330 671 1369 Cassiano
709 1329 944 1367 uaticinatus
981 1334 1062 1367 erat
1093 1335 1131 1367 et
1161 1328 1280 1366 multa
1318 1327 1426 1378 quasi
1457 1326 1648 1365 instinctu
1674 1324 1720 1359 20

237 1389 398 1426 deorum
447 1386 606 1432 dixerat,
654 1387 692 1424 in
724 1385 890 1424 insulam
923 1386 1061 1436 Syrum
1095 1384 1293 1434 relegauit.
1368 1388 1406 1422 et
1442 1395 1534 1422 sane
1570 1394 1650 1421 non

234 1444 375 1482 debent
404 1443 551 1494 inpune
582 1444 682 1481 ferre
714 1441 939 1480 huiusmodi
976 1440 1171 1487 homines,
1209 1440 1276 1491 qui
1306 1439 1379 1478 sub
1411 1439 1573 1478 obtentu
1603 1451 1650 1477 ex

230 1500 380 1539 monito
412 1500 573 1538 deorum
605 1498 793 1550 quaedam
826 1498 890 1536 uel
919 1497 1124 1536 enuntiant
1151 1496 1213 1535 uel
1233 1497 1377 1535 iactant
1398 1496 1460 1534 uel
1482 1495 1649 1535 scientes

233 1557 472 1607 confingunt.

235 1630 384 1637 xvv-vm

323 1660 337 1691 1
365 1659 497 1701 quesito
516 1657 590 1690 BV.
633 1656 644 1699 Η
686 1657 860 1690 scientiam
880 1655 937 1689 W.
975 1654 985 1698 Η
1020 1656 1038 1687 2
1064 1656 1254 1687 huiusmohi
1275 1654 1329 1687 17.
1369 1654 1378 1698 Η
1412 1659 1445 1686 et
1470 1664 1534 1686 om.
1559 1654 1648 1686 libri.

232 1702 248 1747 ll
274 1705 292 1736 3
318 1705 465 1744 ueteres]
492 1708 564 1735 tere
585 1701 641 1735 W.
685 1703 695 1746 Η
736 1704 756 1734 4
780 1703 959 1740 uariatum]
980 1700 1019 1740 B,
1045 1702 1198 1733 uarietur
1217 1699 1275 1741 W,
1301 1702 1434 1732 uaritur
1453 1700 1496 1732 V.
1532 1698 1542 1742 Η
1576 1700 1648 1738 nec]

234 1749 386 1789 Oz‘selius,
421 1760 494 1781 nam
526 1748 616 1780 libri.
657 1747 667 1789 Η
710 1748 957 1780 dissimulatum
982 1745 1059 1778 Wa.
1101 1745 1111 1788 Η
1155 1747 1173 1777 5
1205 1746 1401 1787 inrepsisse]
1435 1746 1468 1777 in
1494 1746 1594 1777 rebus
1619 1744 1650 1776 si

230 1805 265 1827 se
292 1794 385 1827 VW.
432 1793 442 1837 Η
484 1794 503 1826 6
536 1804 570 1826 se
600 1794 811 1836 praeberent]
843 1792 1084 1834 repraeberent
1108 1790 1201 1831 VW,
1239 1791 1525 1833 reprehenderent
1549 1789 1586 1821 B.
1632 1787 1648 1832 ΙΙ

229 1840 371 1882 quidem]
403 1840 433 1871 si
464 1839 594 1882 quidem
621 1837 714 1871 VW.
769 1837 778 1880 Η
834 1839 851 1869 7
889 1838 969 1876 uisi]
1007 1838 1077 1868 ausi
1116 1837 1286 1868 Pithoeus.
1341 1835 1352 1878 Η
1404 1837 1581 1868 consulere
1617 1845 1649 1866 11.

229 1895 389 1917 exercere
419 1886 551 1924 (ercere
570 1884 638 1924 Va)
663 1894 756 1926 quam
783 1883 837 1925 qui
863 1884 927 1921 (sic
945 1881 1028 1921 BV)
1046 1882 1158 1914 fuerat
1175 1881 1325 1920 (fuerant
1341 1880 1384 1921 B)
1403 1891 1431 1922 p.
1450 1880 1649 1923 saepissime

229 1941 292 1962 om.
313 1929 370 1962 W.
411 1928 421 1971 Η
464 1930 483 1962 9
514 1930 676 1969 omnihus]
704 1928 892 1961 hominibus
917 1926 954 1958 B.
998 1926 1007 1968 Η
1053 1928 1092 1960 10
1118 1928 1281 1969 inneptiis
1301 1926 1343 1959 V.
1385 1924 1395 1967 Η
1437 1937 1473 1958 se
1499 1936 1562 1958 om.
1582 1925 1646 1958 Va.

229 1974 245 2018 ΙΙ
286 1976 511 2007 immiscerent
534 1975 571 2010 B,
610 1975 809 2006 inmiserent
826 1973 869 2011 V,
907 1973 1075 2004 inicerent
1094 1971 1150 2005 W.
1192 1971 1202 2014 Η
1245 1972 1352 2014 poniti
1371 1971 1415 2011 V,
1441 1973 1535 2013 punit
1552 1970 1590 2002 B.
1631 1968 1647 2013 ΙΙ

228 2021 278 2053 hii
301 2020 340 2062 B,
365 2021 397 2052 hi
418 2019 460 2062 V,
486 2021 517 2052 id
539 2018 595 2052 W.
638 2018 648 2061 Η
694 2020 731 2053 11
758 2019 814 2061 qui
841 2019 882 2059 id]
909 2019 985 2060 quid
1005 2016 1092 2050 BW.
1135 2016 1145 2060 Η
1183 2021 1408 2049 exercuerunt
1425 2016 1463 2048 B.
1506 2016 1517 2059 Η
1557 2027 1648 2048 men-

229 2076 340 2097 suram
375 2064 431 2098 17.
487 2064 497 2108 Η
550 2066 697 2104 scilicet]
735 2065 867 2096 scilicet
904 2068 938 2095 et
974 2062 1011 2095 B.
1065 2062 1075 2105 Η
1135 2063 1173 2095 12
1209 2063 1264 2105 qui
1300 2064 1351 2103 de]
1389 2063 1519 2104 quidem
1553 2059 1646 2093 VW.

232 2109 248 2154 ΙΙ
275 2111 383 2143 solute
404 2109 495 2143 VW.
539 2109 549 2152 Η
591 2120 653 2152 qua
678 2110 757 2149 alia]
783 2110 863 2149 (V),
889 2109 998 2150 qualia
1019 2108 1057 2145 B,
1084 2109 1138 2148 qui
1165 2109 1231 2140 alia
1251 2106 1308 2140 W.
1350 2106 1360 2149 Η
1397 2108 1435 2139 13
1464 2108 1562 2145 enim]
1588 2117 1645 2137 ens

231 2155 289 2189 W.
332 2156 342 2198 Η
383 2156 438 2197 qui
462 2157 501 2187 de
528 2166 586 2187 sua
611 2157 822 2197 suorumque]
847 2154 915 2186 Iac.
936 2152 1168 2195 Gothosredus,
1194 2154 1323 2196 quidem
1350 2162 1587 2193 suasorumque
1606 2150 1646 2190 B,

229 2202 359 2243 quidem
384 2211 621 2242 suarorumque
647 2200 691 2241 V,
728 2201 857 2242 quidem
884 2199 1117 2241 uariorumque
1137 2197 1192 2231 W.
1239 2197 1249 2241 Η
1298 2199 1336 2230 14
1361 2198 1524 2229 habenter
1541 2197 1582 2230 V.
1635 2196 1646 2238 Η

228 2247 476 2278 uaticinatores
508 2256 699 2288 quamquam
728 2247 790 2283 (sie
814 2246 944 2287 scripsi,
976 2255 1069 2286 quam
1097 2245 1340 2276 uaticinatores
1364 2242 1404 2284 B,
1434 2252 1528 2284 quam
1555 2242 1643 2274 bati-

229 2293 401 2324 cinatores
420 2291 481 2330 Vb,
507 2301 600 2333 quam
627 2291 889 2322 beaticiuatores
909 2289 975 2329 Va)
1001 2290 1027 2321 ii
1053 2290 1114 2327 (hii
1132 2289 1172 2328 B,
1200 2289 1235 2321 hi
1255 2288 1307 2329 V)
1331 2299 1359 2330 q.
1385 2289 1428 2330 pl.
1454 2298 1479 2318 S.
1506 2298 1534 2328 q.
1563 2298 1645 2318 non—

231 2347 404 2379 numquam
434 2337 511 2375 (non
538 2346 688 2377 umquam
709 2335 773 2375 V)]
803 2346 896 2377 quam
923 2334 994 2373 (rel.
1019 2335 1099 2375 om.)
1119 2333 1175 2366 W.
1206 2333 1216 2375 Η
1251 2336 1288 2367 15
1314 2338 1463 2376 quaetem
1482 2331 1540 2363 Ba.
1567 2331 1577 2374 Η
1605 2333 1645 2365 17

231 2383 382 2424 denique]
409 2383 560 2424 enimque
580 2380 621 2414 V.
652 2381 662 2424 Η
693 2382 863 2413 decertum
885 2379 927 2418 V,
953 2381 1104 2421 digestus
1125 2378 1179 2412 17.
1211 2378 1221 2420 Η
1251 2379 1320 2410 diui
1346 2379 1406 2420 pii]
1433 2379 1517 2410 idem
1539 2376 1596 2409 W.
1627 2375 1642 2420 ΙΙ

232 2433 381 2468 pacatum
400 2426 428 2458 B
446 2428 566 2467 (lez-L),
586 2433 714 2469 pactum
735 2425 763 2457 B
781 2425 877 2465 (ind.)
894 2423 986 2457 VW.
1019 2425 1028 2467 Η
1061 2426 1100 2457 18
1119 2424 1348 2456 lucudinensis
1369 2423 1410 2463 V,
1429 2423 1644 2463 lugdunensis

230 2471 342 2512 13ch1,
367 2473 584 2513 lugdonensis
605 2470 679 2504 Wb.
731 2470 741 2513 Η
795 2472 961 2512 rescripto
981 2469 1074 2503 VW.
1129 2470 1139 2512 Η
1193 2470 1232 2501 19
1258 2469 1404 2501 subiecit
1421 2467 1495 2501 BV.
1545 2468 1555 2511 Η
1601 2469 1644 2499 20

230 2518 395 2550 cassianio
416 2516 473 2558 W,
497 2517 644 2549 casianio
661 2515 703 2548 V.
745 2514 756 2557 Η
800 2517 1024 2556 beatiginatus
1044 2511 1085 2553 V,
1111 2515 1312 2554 betiginatus
1332 2512 1387 2545 W.
1423 2512 1433 2555 Η
1468 2514 1644 2553 instinctu]

231 2564 385 2594 extinctu
405 2561 460 2604 17,
486 2564 670 2595 extinctum
689 2560 763 2594 BV.
805 2561 815 2604 Η
858 2562 895 2593 21
924 2562 1033 2593 insula
1051 2559 1089 2592 B.
1129 2558 1140 2601 Η
1175 2560 1216 2591 22
1242 2559 1357 2601 iupuni
1378 2557 1418 2590 V.
1455 2558 1466 2601 Η
1498 2559 1643 2590 hominis

230 2607 269 2640 B.
313 2608 323 2650 Η
365 2609 535 2640 obtentum
561 2606 645 2640 libri.
686 2605 696 2649 Η
739 2617 781 2638 ex
805 2607 943 2645 monitu]
969 2607 1102 2648 scripsi,
1128 2609 1162 2637 et
1186 2606 1314 2636 monitu
1339 2605 1443 2644 (—tum
1463 2602 1528 2644 W)
1554 2603 1643 2644 libri,

230 2656 413 2684 monituum
438 2652 538 2685 Lenel
559 2653 685 2695 paling.
714 2651 791 2695 le.
817 2653 867 2694 fr.
886 2652 985 2683 2192.
1028 2650 1037 2693 Η
1079 2651 1120 2682 23
1146 2650 1343 2681 renuntiant
1366 2648 1405 2681 B.
1447 2648 1457 2691 Η
1498 2649 1540 2681 24
1565 2660 1644 2681 con-

230 2699 371 2738 fingunt]
397 2709 519 2730 manns
544 2709 656 2730 recens
681 2697 726 2729 ad
748 2699 941 2740 marginem
960 2695 997 2736 B,
1024 2706 1081 2728 eos
1107 2695 1235 2735 fingunt
1259 2695 1346 2726 libr-i.
