1828 3011
183 539 226 578 12

184 940 225 972 13

186 1163 225 1194 14

251 149 452 175 APPENDIX
472 139 640 179 2,11—14.
738 163 855 168 —
919 139 1002 179 262
1063 161 1180 166 —-

253 261 450 303 moneant,
483 255 515 294 si
546 256 678 295 uenire
711 255 944 301 distulerint,
977 255 1057 293 suis
1088 253 1353 300 relationibus,
1386 259 1430 293 ut
1461 254 1507 293 de
1529 266 1664 293 eorum

252 313 421 352 absentia
459 312 520 351 uel
551 314 791 351 contumacia
823 310 1041 363 probationi
1071 310 1167 348 nihil
1198 310 1330 348 deesse
1361 311 1498 361 possit,
1536 311 1665 349 omnia

252 376 344 408 sunt
374 381 443 420 per
473 369 620 419 singula
652 369 844 408 iudicibus
876 366 1116 417 rescripturi.
1167 372 1256 417 post
1283 366 1376 404 baec
1397 367 1545 406 edictus
1566 366 1665 405 infra

253 426 420 477 scriptus
451 425 490 463 in
523 427 606 463 soro
635 425 751 472 illius,
783 426 849 475 qui
881 424 1114 462 admonetur
1145 429 1184 461 et
1215 422 1348 461 uenire
1374 423 1665 475 contempserit,

253 482 366 521 debet
396 481 576 533 appendi:

366 538 443 576 ‘Ille
489 537 625 576 oblatis
670 536 850 588 precibus
887 535 1000 574 nobis
1037 534 1175 574 detulit
1214 535 1252 573 in
1290 534 1470 585 querella.
1515 535 1562 574 ab
1600 535 1665 574 illo

252 599 346 633 ‘rem
380 594 452 632 sibi
484 593 651 632 debitam
681 593 850 631 indebite
872 591 1041 631 retineri.
1092 591 1256 641 ideoque
1279 591 1377 630 datis
1398 592 1444 630 ad
1469 597 1506 630 te
1527 591 1664 630 litteris

253 650 535 702 ‘praesentibus
557 649 787 696 indicamus,
820 655 863 688 ut
890 654 1149 687 memoratum
1175 648 1278 686 salua
1301 647 1484 686 ciuilitate
1507 654 1665 687 eatenus

252 707 471 746 ‘admonere
502 718 700 756 procures,
734 712 777 744 ut
808 705 869 744 die
900 711 1043 743 statuta
1074 705 1119 742 ad
1151 703 1386 743 audientiam
1419 710 1593 742 nostram
1626 717 1666 743 se

252 768 475 802 ‘uenturum
510 762 581 800 sub
612 761 740 800 idonei
772 761 1009 800 fideiussoris
1041 760 1218 800 cautione
1240 760 1455 811 promittat,
1488 761 1666 811 petitoris

251 819 438 870 ‘partibus
471 819 510 856 in
543 818 724 856 omnibus
753 830 1025 870 responsurus,
1058 824 1249 868 quatenus
1271 816 1408 867 iurgio,
1440 817 1542 868 quod
1564 818 1667 856 inter

253 876 494 914 ‘altercantes
526 875 705 921 uertitur,
738 887 826 913 cum
858 874 1005 913 iustitia
1037 873 1229 912 terminus
1260 873 1494 924 inponatur’.

366 932 489 970 Sceda
534 931 659 975 edicti,
706 943 802 981 quae
848 937 937 982 post
982 930 1123 969 trinam
1163 930 1461 968 conuentionem
1501 930 1667 981 appendi

251 988 290 1026 in
322 990 404 1026 foro
435 988 551 1031 illius,
583 988 649 1038 qui
681 994 954 1026 commonetur
984 993 1022 1026 et
1052 987 1097 1025 ad
1126 986 1361 1025 audientiam
1385 986 1519 1025 uenire
1542 986 1667 1025 distu-

251 1044 350 1090 lerit,
389 1044 549 1083 omnino
581 1044 746 1091 debebit,
787 1045 880 1083 haec
910 1050 969 1082 est
1000 1044 1101 1082 sicut
1131 1043 1345 1094 praesentis
1377 1043 1510 1081 scedae
1542 1045 1665 1081 forma

253 1101 419 1140 declarat
464 1107 501 1139 et
545 1100 583 1138 in
630 1102 711 1151 lege
752 1100 806 1139 sic
842 1100 1064 1139 continetur
1101 1112 1223 1138 unum
1261 1112 1331 1151 pro
1371 1099 1553 1138 omnibus
1591 1099 1665 1138 ita:

254 1157 313 1196 ‘Vt
343 1157 381 1195 in
413 1170 470 1203 eo,
501 1156 567 1207 qui
598 1169 667 1207 pro
699 1163 927 1195 contumace
959 1157 1203 1195 damnandus
1225 1163 1294 1201 est,
1326 1156 1452 1206 legum
1478 1155 1667 1194 seueritas

253 1215 304 1252 ‘in
336 1214 517 1252 omnibus
550 1213 685 1252 debeat
716 1213 914 1260 custodiri,
957 1213 1126 1251 benefica
1156 1212 1375 1264 principum
1408 1211 1664 1263 prouidentia,

253 1271 358 1309 ‘dum
406 1270 576 1308 humano
622 1270 751 1320 generi
797 1269 975 1315 consulit,
1023 1269 1237 1315 constituit,
1284 1275 1327 1307 ut
1371 1269 1552 1319 quotiens
1588 1269 1665 1306 im—

254 1326 478 1378 ‘proborum
518 1326 702 1364 calliditas
739 1326 790 1365 ita
830 1326 994 1365 diuersis
1027 1324 1413 1376 tergiuersationibus
1444 1325 1586 1371 dilatat,
1626 1331 1669 1364 ut

254 1383 396 1433 ‘litigiis
429 1382 620 1421 terminus
651 1395 728 1421 non
759 1382 883 1433 possit
914 1382 1047 1433 inponi
1078 1388 1127 1424 et,
1161 1394 1259 1432 quae
1286 1382 1383 1419 male
1405 1387 1668 1432 peruaserant,

253 1439 358 1477 ‘dum
401 1451 520 1490 praua
557 1438 766 1489 cupiditate
803 1438 967 1489 cupiunt
1002 1437 1181 1485 retinere,
1224 1437 1468 1488 procurando
1503 1437 1670 1476 latebras

254 1496 436 1540 ‘student,
479 1501 523 1534 ut
562 1495 747 1546 petitores
785 1495 895 1546 lapsu
927 1501 1148 1546 temporum
1189 1506 1324 1533 causae
1360 1494 1574 1539 incurrant,
1617 1494 1668 1532 ita

253 1556 320 1599 ‘ut,
366 1552 431 1602 qui
477 1553 616 1590 merito
658 1564 719 1590 res
760 1564 848 1590 suas
887 1551 1059 1603 recipere
1096 1557 1286 1602 poterant,
1334 1550 1558 1589 callidorum
1599 1550 1669 1589 ad-

253 1608 560 1647 ‘inuentionibus
606 1607 748 1647 iniuste
784 1609 975 1654 amittant,
1022 1608 1125 1659 quod
1163 1607 1216 1646 eis
1257 1607 1405 1657 legibus
1443 1607 1667 1646 debebatur.

254 1665 433 1715 ‘Ideoque
464 1665 553 1715 quia
583 1664 645 1702 ille
667 1665 882 1703 secundum
906 1677 1083 1703 normam
1107 1664 1202 1703 iuris
1225 1676 1268 1702 ac
1288 1664 1417 1714 legum
1439 1664 1486 1702 ad
1507 1664 1669 1702 audien-

254 1721 358 1760 ‘tiam
397 1733 465 1772 per
501 1721 804 1760 admonitionem
850 1728 1021 1760 nostram
1065 1720 1178 1759 trinis
1215 1726 1275 1759 est
1310 1720 1448 1759 littelis
1485 1727 1668 1759 euocatus

255 1782 305 1816 et
335 1779 497 1816 faciente
529 1778 770 1848 contumacia
798 1778 952 1848 iudiciis
975 1778 1108 1845 adesse
1131 1777 1316 1848 despexit,
1349 1778 1443 1816 adeo
1465 1790 1533 1828 per
1554 1776 1669 1816 huius

260 1843 318 1849 αν.
319 1843 332 1849 2
342 1843 432 1849 sssm»
433 1843 455 1849 κ
458 1843 488 1849 s«,
489 1843 545 1849 ,va
642 1843 730 1849 „ne-A<
734 1844 754 1849 s.
773 1844 803 1849 f.
804 1844 851 1849 Ν7
863 1844 884 1849 77»
896 1843 981 1849 maza«-
1016 1843 1031 1849 κ
1040 1842 1217 1849 ΝΝφΝωΝ

345 1872 360 1903 1
389 1872 508 1903 uenire
535 1843 642 1904 distu*
645 1872 724 1903 lerit
744 1843 801 1913 Q1‚
827 1873 983 1903 uenerint
1001 1870 1039 1903 R.
1094 1870 1104 1914 ΙΙ
1157 1881 1193 1902 re
1216 1871 1220 1912 Ι
1242 1871 1466 1902 relationibus
1486 1870 1557 1910 Qa?
1597 1870 1669 1913 312

254 1917 473 1955 contumacia]
507 1922 713 1948 commoneat
747 1918 775 1948 si
808 1917 1005 1948 distulerint
1026 1916 1066 1948 R.
1119 1915 1129 1958 ΙΙ
1183 1916 1381 1958 probatione
1405 1915 1444 1948 R.
1500 1916 1509 1958 ΙΙ
1563 1916 1581 1946 3
1614 1926 1668 1947 res

253 1962 415 2003 scripturi
433 1962 469 1992 P.
512 1961 523 2003 ss
558 1964 643 2003 post]
669 1967 704 1993 et
730 1967 804 2003 post
832 1962 858 2001 Q
883 1963 959 2000 (em.
977 1973 1021 1993 m.
1043 1973 1068 1993 S.
1088 1961 1160 1993 XV
1164 1965 1175 2002 )
1202 1961 1240 1993 R.
1282 1960 1292 2003 Η
1333 1961 1443 1992 dictus
1461 1960 1533 2002 BP,
1559 1961 1669 1993 editus

256 2006 320 2046 QR.
362 2005 371 2047 ΙΙ
412 2007 432 2038 4
458 2009 624 2038 amonitur
641 2007 710 2038 BP.
747 2006 758 2049 Η
793 2008 811 2038 5
838 2008 936 2039 debet
961 2006 1157 2049 aspendifl,
1182 2007 1312 2038 debitas
1339 2007 1433 2048 pendi
1455 2006 1511 2046 QG,
1536 2006 1668 2038 debitas

254 2053 382 2094 apendii
403 2052 455 2092 Qb.
510 2050 520 2094 ΙΙ
574 2053 592 2083 6
619 2052 725 2091 nobis]
754 2054 881 2083 nostris
902 2052 966 2092 QR.
1022 2051 1032 2094 ΙΙ
1087 2053 1103 2082 7
1131 2053 1243 2083 debita
1263 2018 1356 2091 QR.P
1375 2050 1385 2093 ΙΙ
1434 2056 1468 2083 te
1494 2062 1557 2084 om.
1576 2052 1615 2083 P.
1656 2050 1667 2094 ΙΙ

255 2097 272 2128 8
301 2102 511 2129 memoratam
530 2097 569 2137 P,
596 2102 776 2129 meinorato
799 2097 864 2137 QH.
918 2096 928 2139 ΙΙ
980 2099 998 2129 9
1025 2099 1178 2139 procuris
1199 2096 1256 2136 Qa,
1286 2096 1460 2139 procurris
1477 2095 1516 2128 R.
1566 2096 1576 2139 ΙΙ
1627 2097 1667 2129 10

254 2142 470 2174 fideiussores
490 2142 556 2173 BP.
610 2141 620 2183 ΙΙ
675 2144 835 2184 petitores
858 2143 926 2174 BP.
969 2141 978 2184 ΙΙ
1023 2143 1059 2174 11
1088 2153 1149 2184 quo
1168 2143 1206 2174 B.
1251 2140 1261 2183 ΙΙ
1306 2142 1344 2174 12
1370 2146 1525 2173 uertatur
1543 2141 1614 2173 BP.
1657 2141 1667 2184 [Ι

253 2188 415 2219 terminos
433 2186 503 2228 BP,
521 2188 679 2218 teininum
702 2187 788 2227 oali,
806 2189 984 2219 terminum
1006 2188 1057 2228 Οἱ).
1093 2186 1103 2230 ΙΙ
1140 2188 1178 2219 13
1202 2188 1333 2219 scedam
1352 2186 1484 2218 code'ces.
1521 2186 1530 2229 ΙΙ
1565 2187 1668 2218 edicti

254 2242 336 2272 quae
368 2237 442 2274 post
471 2233 591 2263 trinam
618 2234 873 2265 conuentionem
900 2235 969 2271 (—ne
990 2233 1029 2272 Q)
1057 2232 1123 2273 QR,
1155 2233 1240 2264 enim
1267 2233 1305 2264 de
1331 2233 1420 2264 trina
1446 2233 1668 2263 conuentione

254 2277 322 2308 BP.
366 2277 376 2320 ΙΙ
414 2278 453 2309 14
480 2282 510 2309 et
538 2288 599 2309 om.
620 2277 686 2310 BP.
730 2278 739 2320 ΙΙ
781 2279 976 2310 audiendam
995 2279 1034 2310 Ρ.
1068 2279 1081 2319 {l
1118 2279 1155 2309 15
1182 2278 1280 2310 debet
1298 2276 1363 2317 QR.
1396 2277 1409 2317 11
1441 2278 1503 2308 hoc
1528 2276 1666 2309 codices.

257 2321 267 2364 ΙΙ
309 2327 506 2364 praesentes
524 2322 584 2363 Ra,
609 2333 766 2364 praesens
789 2324 840 2362 Q'J,
867 2328 1062 2365 praesent**
1084 2323 1141 2363 Qa,
1184 2323 1193 2366 ΙΙ
1238 2323 1277 2353 16
1303 2323 1441 2354 dedarat
1457 2320 1523 2352 BP.
1561 2320 1571 2363 ΙΙ
1606 2323 1667 2361 sic]

254 2368 283 2399 si
304 2367 368 2408 QR.
404 2366 414 2409 ΙΙ
452 2369 489 2400 17
516 2373 553 2399 ut
570 2378 632 2399 om.
656 2367 720 2407 QR.
756 2367 766 2410 ΙΙ
800 2373 1025 2400 contumacem
1043 2370 1192 2406 (contum
1210 2370 1242 2399 z‘n
1260 2367 1379 2405 litura)
1396 2368 1434 2405 P,
1458 2368 1666 2399 coutumacia

257 2413 306 2452 θ’).
351 2412 362 2455 ΙΙ
406 2413 445 2445 18
472 2413 643 2445 custodire
662 2412 727 2452 QH.
768 2412 777 2454 ΙΙ
813 2414 972 2445 beneficia
991 2413 1056 2453 BP,
1084 2414 1166 2446 bene
1192 2414 1245 2455 pia
1266 2412 1333 2452 QR.
1368 2411 1380 2454 ΙΙ
1416 2412 1455 2444 19
1481 2413 1668 2443 constituat

255 2457 324 2497 BP,
351 2476 365 2491 ,μ
391 2459 440 2495 (et
468 2459 523 2498 θ’»)
549 2459 728 2490 constituit
749 2458 783 2497 Q.
825 2457 836 2500 ΙΙ
877 2459 1010 2500 quoties
1027 2458 1065 2491 B.
1082 2457 1110 2500 -il
1145 2459 1183 2490 21
1214 2458 1375 2490 terminos
1392 2455 1464 2497 BP,
1489 2458 1666 2489 terminum

259 2502 323 2543 (113,
358 2502 368 2545 {l
402 2504 517 2545 inpuni
535 2504 602 2535 BP.
635 2502 646 2544 ΙΙ
680 2504 721 2534 22
747 2514 847 2545 praua
870 2503 936 2543 QR,
963 2514 1041 2545 prae
1059 2504 1123 2535 BP.
1156 2504 1165 2547 ΙΙ
1195 2510 1310 2535 tenere
1327 2501 1392 2541 BP,
1420 2502 1564 2534 retineri
1582 2501 1667 2542 Qbh‘,

256 2549 406 2579 retencri
427 2548 482 2588 Qa.
524 2547 534 2589 ΙΙ
577 2549 617 2580 23
644 2550 802 2580 studeant
824 2548 889 2588 QB.
923 2548 933 2591 ΙΙ
970 2549 1114 2590 petitore
1132 2549 1168 2580 P.
1203 2547 1213 2589 ΙΙ
1249 2549 1339 2588 lapso
1359 2546 1452 2586 BPQ.
1489 2545 1498 2588 ΙΙ
1534 2547 1665 2587 causae]

257 2603 374 2624 causae
401 2594 610 2625 amissionem
635 2603 699 2625 ser.
742 2592 753 2636 Η
795 2594 835 2625 25
861 2595 997 2626 amittat
1015 2593 1101 2633 (ΜΒ.
1144 2593 1154 2636 Η
1196 2594 1257 2632 eis]
1283 2593 1320 2623 de
1345 2593 1397 2623 his
1418 2591 1481 2632 Qli'.
1516 2592 1529 2632 ΙΙ
1562 2592 1602 2625 26
1628 2602 1667 2624 ac

257 2637 324 2676 BP,
357 2639 445 2669 sacri
470 2638 527 2679 Bb,
559 2640 629 2670 acri
650 2638 735 2679 QBft.
778 2637 789 2682 ΙΙ
830 2639 869 2670 27
902 2650 959 2681 per
986 2650 1050 2671 om.
1073 2639 1110 2671 B.
1152 2639 1164 2681 Η
1205 2638 1246 2670 28
1273 2647 1345 2669 esse
1362 2636 1428 2676 ΟΒ.
1470 2636 1480 2678 ΙΙ
1523 2637 1668 2680 dispexit

256 2682 326 2723 BP,
353 2684 537 2725 dispexerit
559 2684 624 2724 ΟΕ.

1695 765 1743 799 10

1695 1047 1739 1082 15

1695 1329 1743 1363 20

1695 1612 1742 1648 25
