1823 3016
639 200 755 204 ..ὴ
820 176 903 216 159
965 199 1082 204 —-
1273 184 1468 211 COLLATIO
1490 176 1522 213 6,
1543 189 1568 211 -ι,

9 295 40 334 6,
67 301 219 337 4,4aut
263 294 466 334 clementia
510 295 789 334 remittendum
835 301 902 334 aut
944 293 1093 345 legibus
1141 293 1427 344 corrigendum.
1499 294 1566 332 sed

147 352 309 404 posthac
359 352 584 402 religionem
639 352 963 403 sanctitatemque
1014 350 1053 389 in
1107 351 1282 389 conubiis
1338 350 1566 401 copulandis

147 409 331 448 uolumus
363 408 409 447 ab
442 421 678 461 unoquoque
711 409 870 456 seruari,
903 415 947 447 ut
977 420 1017 446 se
1046 407 1092 446 ad
1121 407 1361 458 disciplinam
1385 408 1566 457 legesque

144 465 340 505 Romanas
387 466 637 505 meminerint
681 467 875 519 pertinere
912 471 950 504 et
975 477 1038 503 eas
1072 471 1222 503 tantum
1256 465 1380 502 sciant
1409 464 1566 515 nuptias

109 535 126 559 5
144 522 280 569 licitas,
313 535 409 574 quae
441 529 534 561 sunt
563 523 740 563 Romano
771 524 854 561 iure
881 522 1105 574 permissae.
1153 533 1241 559 cum
1267 521 1408 572 quibus
1433 527 1563 559 autem
1591 526 1611 560 5

143 579 322 631 personis
357 586 432 618 tarn
466 586 719 630 cognatorum
752 592 868 631 quam
900 592 946 617 ex
977 578 1163 617 adfinium
1200 590 1366 616 numero
1388 577 1566 616 contrahi

143 648 222 674 non
254 636 369 675 liceat
400 637 709 684 matrimonium,
757 639 829 675 hoe
875 636 1000 675 edicto
1032 642 1166 674 nostro
1197 634 1375 685 conplexi
1406 646 1562 673 sumus:

143 705 232 732 cum
254 693 329 732 filia
352 699 468 745 nepte
489 702 678 746 pronepte
700 695 873 745 itemque
896 699 1019 732 matre
1040 692 1125 731 auia
1148 692 1306 744 proauia
1329 698 1367 730 et
1384 703 1429 730 ex
1444 691 1564 729 latere

142 749 260 789 amita
291 763 335 789 ac
358 757 563 790 matertera
590 752 747 802 [sorore]
767 750 912 790 sororis
933 750 1009 788 filia
1031 756 1069 788 et
1090 761 1136 787 ex
1157 762 1200 788 ea
1222 755 1349 800 nepte.
1391 748 1564 798 itemque

143 818 190 845 ex
235 807 429 846 adfinibus
474 808 651 859 priuigna
698 820 865 847 nouerca
911 819 1024 846 socru
1069 819 1173 845 nuru
1210 806 1426 856 ceterisque
1464 817 1562 855 quae

141 863 302 915 antiquo
334 864 418 903 iure
449 865 721 916 prohibentur,
753 878 772 904 a
800 864 942 915 quihus
965 869 1127 902 cunctos
1150 863 1334 902 uolumus
1355 861 1561 901 abstinere.

106 935 123 960 6
143 920 241 958 nihil
272 922 374 960 enim
408 922 482 960 nisi
520 929 699 961 sanctum
732 935 775 960 ac
806 921 1025 960 uenerabile
1055 926 1188 959 nostra
1219 920 1303 959 iura
1334 919 1564 958 custodiunt

142 984 181 1015 et
225 978 278 1016 ita
310 979 357 1017 ad
390 985 536 1017 tantam
570 979 877 1029 magnitudinem
909 977 1083 1016 Romana
1116 977 1295 1016 maiestas
1328 981 1559 1015 cunctorum

143 1034 353 1073 numinum
385 1038 519 1074 fauore
550 1036 740 1087 peruenit,
773 1034 957 1086 quoniam
982 1046 1119 1073 omnes
1140 1034 1242 1084 leges
1266 1046 1355 1072 suas
1377 1033 1561 1083 religione

106 1100 122 1126 ἰ
142 1091 304 1142 sapienti
334 1093 573 1143 pudorisque
605 1092 874 1130 obseruatione
906 1090 1094 1129 deuinxit.
1169 1103 1288 1140 quare
1326 1091 1399 1128 hoc
1435 1089 1560 1128 edicto

139 1154 274 1186 nostro
306 1150 489 1188 uolumus
519 1148 702 1187 omnibus
724 1149 848 1200 palam
872 1147 966 1194 fieri,
990 1148 1092 1198 quod
1115 1147 1415 1198 praeteritorum
1434 1147 1559 1192 uenia,

140 1217 237 1255 quae
260 1217 330 1256 per
351 1205 595 1244 clementiam
615 1212 790 1244 nostram
809 1211 942 1244 contra
960 1203 1202 1255 disciplinam
1222 1203 1380 1242 uidetur
1395 1203 1560 1249 indulta,

139 1261 184 1299 ad
231 1273 274 1300 ea
319 1268 473 1302 tantum
520 1262 656 1301 delicta
687 1262 891 1314 pertineat,
939 1273 1038 1312 quae
1082 1260 1122 1299 in
1155 1261 1256 1300 diem
1289 1260 1340 1299 111
1372 1260 1446 1299 kal.
1478 1260 1559 1298 Ian.

103 1317 267 1358 sTusco
312 1326 351 1358 et
396 1320 580 1359 Anullino
626 1332 733 1358 cons.
780 1319 965 1358 uidentur
1001 1330 1086 1356 esse
1122 1317 1344 1356 commissa.
1412 1318 1445 1356 si
1484 1329 1560 1368 qua

138 1381 270 1414 autem
317 1383 451 1416 contra
499 1376 662 1415 Romani
706 1376 879 1415 nominis
923 1376 1040 1414 decus
1073 1375 1397 1425 sanctitatemque
1428 1374 1557 1425 legum

138 1438 228 1484 post
257 1445 375 1484 supra
409 1434 555 1473 dictum
578 1434 680 1472 diem
705 1433 1046 1485 deprehendentur
1066 1432 1248 1475 admissa,
1272 1431 1385 1482 digna
1407 1431 1558 1470 seneri-

138 1495 215 1528 tate
246 1490 478 1541 plectentur.
539 1503 611 1529 nec
641 1490 744 1529 enim
785 1491 901 1529 ullam
943 1490 982 1528 in
1013 1495 1090 1527 tam
1114 1490 1261 1528 nefario
1284 1489 1428 1527 scelere
1449 1488 1558 1539 quis-

137 1558 255 1597 quam
301 1549 483 1587 aestimet
527 1548 681 1586 neniam
719 1560 762 1586 se
799 1546 986 1598 consequi
1016 1558 1145 1598 posse,
1176 1546 1244 1597 qui
1276 1552 1354 1585 tam
1385 1545 1558 1585 euidenti

228 1673 256 1693 c.
281 1663 313 1702 4,
339 1662 358 1693 5
376 1677 420 1688 =
441 1662 517 1695 Cod.
548 1663 634 1695 Just.
661 1662 692 1704 5,
718 1663 747 1702 4,
779 1664 817 1695 17
844 1665 975 1694 mutato
998 1663 1165 1706 principio
1190 1663 1258 1693 sic:
1294 1660 1429 1693 Nemini
1455 1661 1559 1693 liceat

135 1707 338 1740 contrahere
364 1709 613 1740 matrimonium
640 1719 712 1740 cum
739 1709 807 1740 lilia
833 1727 877 1731 —
902 1708 1086 1740 abstinere.

366 1810 527 1817 »Amvs-aeNaev-
530 1810 674 1817 mevw
677 1810 739 1817 N‘s
743 1811 771 1817 sv-

226 1880 240 1911 1
263 1880 471 1914 clementiam
491 1879 584 1914 VW.
615 1880 626 1923 Η
657 1882 905 1921 corrigendum]
921 1882 1182 1914 succurrendum
1200 1878 1256 1912 W.
1287 1879 1298 1923 Η
1329 1881 1400 1920 sed]
1418 1881 1556 1923 scripsi,

132 1927 189 1958 sed
223 1930 258 1957 et
289 1925 379 1958 libri.
421 1926 432 1969 Η
473 1927 492 1958 2
521 1932 594 1968 post
626 1927 710 1959 hanc
742 1927 834 1959 libri.
876 1927 886 1969 Η
930 1928 1096 1968 religione
1122 1927 1341 1969 scitatemque
1361 1926 1405 1959 V.
1447 1925 1458 1968 Η
1501 1936 1556 1957 co—

131 1971 256 2011 nubiis]
282 1982 345 2013 quo
372 1973 467 2004 nobis
487 1971 581 2004 VW.
622 1972 633 2015 Η
675 1973 853 2015 copulandi
873 1973 916 2006 V.
960 1972 970 2015 Η
1013 1973 1031 2004 3
1058 1975 1106 2012 se]
1131 1983 1201 2004 rem
1216 1972 1258 2005 V.
1292 1974 1303 2014 Η
1338 1973 1357 2004 6
1384 1982 1554 2003 numerum

132 2015 188 2049 W.
231 2016 244 2057 Η
283 2018 300 2048 7
327 2018 540 2050 matrimonio
561 2018 624 2057 Vb,
650 2019 872 2050 matromonio
893 2019 957 2051 su,
993 2017 1003 2061 Η
1037 2019 1142 2050 edicti
1162 2017 1218 2050 W.
1253 2018 1265 2062 Η
1299 2018 1317 2050 8
1343 2023 1554 2060 proneptem-

129 2073 191 2104 que
208 2062 248 2103 B,
278 2064 471 2105 proneptite
497 2064 641 2106 itemque
663 2063 718 2097 W.
760 2063 771 2107 Η
813 2069 919 2097 mater
936 2064 978 2097 V.
1014 2063 1024 2107 Η
1058 2064 1238 2106 prohabiae
1256 2065 1294 2097 B.
1327 2064 1341 2107 Η
1375 2064 1393 2095 9
1420 2064 1553 2101 sorore]

127 2107 225 2148 Just„
252 2118 317 2140 om.
343 2107 431 2141 libri.
464 2108 475 2151 Η
506 2112 585 2151 post
610 2115 708 2152 nepte
734 2112 795 2142 ins.
824 2115 1000 2152 praeterea
1025 2109 1146 2142 fratris
1172 2110 1241 2142 filia
1268 2114 1302 2143 et
1328 2120 1371 2141 ex
1396 2119 1435 2141 ea
1455 2113 1554 2150 nepte

126 2153 208 2185 Just.
245 2151 256 2196 Η
294 2154 333 2187 10
359 2156 414 2194 ex]
441 2160 474 2186 et
493 2155 535 2187 V.
571 2153 582 2198 Η
616 2165 732 2187 socrus
757 2166 859 2187 nurus
878 2158 996 2195 (norus
1014 2156 1057 2196 B)
1074 2155 1149 2194 BV,
1175 2166 1293 2188 socrus
1313 2165 1415 2186 nurus
1435 2164 1553 2186 nurum

129 2198 186 2239 W,
212 2210 300 2231 nuru
324 2210 425 2231 socru
442 2200 525 2233 last.
567 2202 578 2240 Η
622 2202 812 2244 ceterisque
836 2204 931 2244 quae]
958 2207 1090 2234 ceteras
1111 2200 1167 2233 W.
1202 2201 1213 2243 Η
1252 2204 1289 2235 11
1319 2202 1389 2232 iure
1414 2201 1553 2242 antiquo

126 2243 210 2276 Just.
254 2243 264 2287 Η
306 2246 472 2285 uolumus]
499 2258 534 2278 se
561 2246 715 2278 uolumus
740 2247 821 2279 lust.
865 2246 875 2290 Η
919 2247 959 2280 12
986 2249 1149 2286 sanctum]
1175 2248 1362 2287 Puteanus,
1395 2250 1552 2277 nanctum

127 2289 221 2332 VW,
238 2291 322 2322 hanc
339 2295 468 2323 tantum
486 2292 525 2324 B.
559 2290 569 2334 Η
604 2292 807 2332 uenerabile]
821 2293 880 2333 Ba,
900 2293 1116 2325 uenerabiles
1130 2291 1278 2326 BbVW.
1313 2293 1324 2336 Η
1356 2292 1395 2323 13
1415 2300 1552 2323 romana

124 2336 298 2375 maiestas]
323 2347 492 2369 romanam
517 2343 613 2377 gesta
633 2337 671 2370 B.
715 2337 725 2380 Η
770 2340 810 2370 14
841 2339 1024 2378 numinum]
1049 2339 1236 2377 Puteanus,
1263 2339 1432 2370 nominum
1457 2334 1551 2376 VW,

125 2392 189 2412 non
215 2382 336 2414 mirum
352 2382 391 2415 B.
434 2382 444 2426 Η
486 2394 545 2415 sua
564 2383 602 2416 Β.
644 2382 655 2426 Η
696 2384 881 2424 religiones
901 2384 944 2426 V,
974 2394 1036 2416 om.
1057 2382 1112 2417 W.
1154 2383 1166 2426 Η
1205 2386 1243 2417 15
1273 2383 1467 2426 pudorisqui
1494 2381 1551 2413 ob-

124 2429 352 2459 seruationem
378 2427 434 2461 W.
483 2428 494 2472 Η
545 2430 584 2461 16
611 2429 781 2471 praedicto
801 2428 858 2462 W.
907 2428 918 2472 Η
966 2430 1067 2462 uenia
1093 2432 1188 2472 quae]
1218 2431 1319 2462 uenia
1344 2429 1385 2470 B,
1418 2428 1551 2460 ueniam

126 2470 181 2504 W.
224 2472 236 2516 Η
281 2474 320 2505 17
345 2474 475 2506 indulta
502 2473 558 2507 W.
600 2473 611 2517 Η
657 2475 695 2507 18
722 2485 783 2517 que
816 2476 850 2507 in
882 2476 969 2508 diem
994 2476 1100 2508 tertio
1127 2476 1172 2508 kl.
1199 2475 1427 2507 ianuariarum
1452 2478 1549 2505 tusco

123 2523 158 2549 et
182 2518 318 2550 anulino
345 2520 472 2559 (anulio
491 2520 556 2559 Ba)
588 2530 698 2552 conss.
722 2521 790 2552 uid.
817 2531 892 2554 esse
918 2522 1092 2553 commissa
1118 2522 1218 2560 (-sam
1237 2521 1278 2561 B)
1301 2518 1392 2560 BW,
1423 2529 1486 2551 om.
1507 2517 1549 2551 V.

123 2561 139 2607 ΙΙ
182 2564 221 2596 19
246 2566 321 2606 qua]
347 2566 420 2607 quis
445 2564 500 2598 W.
544 2564 555 2607 Η
597 2566 639 2597 20
666 2566 812 2598 numinis
830 2566 869 2605 B,
899 2568 1033 2599 nomine
1053 2567 1096 2599 V.
1139 2566 1149 2610 Η
1192 2567 1440 2608 sanctitateque
1457 2564 1495 2596 B.
1537 2563 1549 2607 Η

121 2609 160 2640 21
195 2610 488 2651 deprehenduntur
513 2610 601 2643 libri.
645 2610 656 2653 Η
698 2612 819 2644 amissa
841 2610 896 2645 W.
940 2611 951 2655 Η
992 2613 1213 2645 seueritatem
1232 2611 1271 2651 B,
1302 2622 1339 2644 re
1365 2612 1549 2643 ueritatem

123 2653 214 2687 VW.
248 2654 259 2698 Η
288 2655 331 2686 22
357 2658 537 2688 flectentur
563 2667 667 2699 neque
688 2655 743 2690 W.
779 2656 790 2700 Η
824 2658 949 2691 nnllam
968 2657 1064 2699 VW,
1090 2659 1218 2690 nullum
1236 2657 1274 2689 B.
1316 2656 1326 2699 Η
1367 2655 1549 2699 nephariae

123 2699 180 2732 W.
222 2699 233 2743 Η
266 2700 438 2744 quicquam
457 2701 513 2735 W.
558 2701 568 2745 Η
611 2702 653 2734 23
680 2705 728 2742 se]
753 2713 791 2735 re
811 2702 867 2736 W.
899 2703 910 2747 Η
943 2709 1008 2736 tam
1036 2704 1186 2736 euidenti
1211 2713 1337 2735 crimen
1355 2703 1395 2745 B,
1422 2703 1454 2735 in
1482 2707 1548 2734 tam

120 2746 270 2778 euidenti
295 2748 492 2787 (euidentur
511 2747 578 2789 W)
603 2749 728 2781 crimen
749 2747 836 2781 717

1593 810 1636 843 10

1592 1094 1632 1128 15

1587 1379 1631 1413 20
