1855 2957
706 84 1122 124 *HJ-—

213 204 381 242 edictum
427 203 525 242 liber
554 202 674 241 XXVI
719 203 901 241 laudatur
946 207 1145 251 tamquam
1191 199 1288 239 liber
1318 200 1339 239 1
1380 201 1430 240 ad
1469 202 1629 241 edictum

213 262 255 299 (Ie
284 261 396 299 rebus
427 261 585 299 creditis.
646 259 800 298 rubrica
844 259 885 297 in
929 259 1014 309 ipso
1061 269 1176 308 opere
1218 257 1360 296 citatur
1390 257 1448 296 bis
1481 270 1512 297 0.
1546 258 1626 296 227

211 323 249 356 et
279 317 381 363 2983
426 321 625 368 praeterea
669 316 860 367 adscripta
904 314 1097 366 reperitur
1142 326 1231 352 cum
1267 313 1308 351 in
1347 315 1629 365 supplementis

210 375 326 413 modo
358 374 470 412 dictis
501 385 532 411 c.
556 372 722 411 90—93
754 377 839 411 tum
871 384 891 409 a
922 384 1041 410 manu
1072 370 1243 409 secunda
1272 370 1319 408 ad
1351 383 1382 410 c.
1409 371 1500 410 108.
1561 384 1629 410 ex-

211 436 341 482 cerpta
373 443 418 469 ex
450 429 673 468 auctoribus
694 429 746 468 ita
768 430 847 467 fere
870 427 1065 466 ordinauit
1086 427 1314 477 compilator
1338 433 1379 466 ut
1400 428 1630 467 ordinantur

210 488 250 526 in
289 487 463 537 digestis:
511 486 656 524 scilicet
700 486 732 524 si
778 497 892 535 quem
930 484 1073 522 librum
1115 484 1154 522 in
1192 483 1446 534 inscriptione
1486 485 1628 535 posuit,

210 544 389 595 peruenit
428 556 471 581 ea
509 555 635 593 neque
667 542 885 592 argumenti
915 541 1063 579 ratione
1096 540 1223 578 habita
1255 540 1333 578 ulla
1364 553 1491 591 neque
1521 541 1630 579 loco-

210 613 297 639 rum
335 600 570 638 omissorum
612 599 657 637 ad
698 598 827 637 omnia
867 598 992 648 capita
1023 610 1069 635 ex
1100 610 1144 635 eo
1176 597 1274 635 libro
1307 604 1474 648 sumpta,
1507 598 1631 636 donec

210 658 307 696 alius
345 656 442 695 liber
482 656 674 695 succedat.
735 667 893 706 perraro
932 654 1097 705 (scilicet
1138 653 1384 692 solummodo
1427 667 1458 692 c.
1491 653 1631 693 328—

212 714 311 759 3313
358 725 449 751 nam
495 713 541 750 de
582 711 904 763 inscriptionibus
935 723 966 749 c.
1002 711 1066 750 89.
1100 710 1181 749 233
1228 710 1311 749 iure
1357 710 1558 749 dubitatur
1593 716 1631 749 et

210 770 396 819 adlegatio
443 782 473 807 c.
517 770 540 806 5
588 768 698 807 uenit
738 768 784 807 ab
826 767 1070 816 adnotatore)
1118 772 1253 805 contra
1303 767 1404 805 hanc
1434 767 1557 817 legem
1589 767 1631 805 in

210 827 395 865 continuo
442 831 714 876 excerptorum
760 838 806 863 ex
853 825 986 863 eodem
1041 824 1140 862 libro
1186 825 1451 875 profectorum
1497 829 1633 862 tenore

209 882 410 934 inscriptio
432 882 639 933 repetitum
671 882 792 920 semel
823 882 872 932 (c.
895 880 990 932 115)
1013 881 1243 932 compilator
1262 880 1498 932 interposuit
1518 881 1630 919 haec:

208 941 317 990 [idem
339 940 474 978 ibidem
495 940 617 990 refert
638 939 763 988 dalem
786 938 1093 977 consultationem
1116 945 1148 976 et
1167 950 1401 988 responsum.
1424 960 1478 964 —
1500 937 1632 989 Capita

210 1001 439 1047 separantur
475 996 592 1034 modo
622 995 853 1046 interposito
884 994 1075 1033 uocabulo
1105 998 1212 1041 item,
1251 994 1367 1032 modo
1399 999 1443 1032 ut
1472 993 1633 1045 incipiat

210 1066 337 1091 nouus
375 1065 514 1091 uersus
550 1053 591 1090 in
628 1052 844 1102 marginem
882 1051 1075 1097 eminens7
1115 1051 1231 1089 modo
1268 1051 1309 1089 in
1347 1051 1483 1090 eodem
1514 1063 1632 1089 uersu

210 1110 333 1161 spatio
365 1122 488 1148 uacuo
519 1109 666 1147 relictO.
718 1108 839 1159 spatia
871 1121 913 1147 ea
942 1108 1012 1146 etsi
1034 1107 1239 1146 indicanda
1260 1109 1431 1154 fuerunt,
1463 1107 1633 1145 maxime

210 1166 393 1217 quoniam
424 1166 464 1203 in
501 1166 596 1203 locis
627 1165 774 1204 mutilis
806 1177 941 1204 eorum
982 1165 1079 1203 ratio
1111 1164 1288 1203 habenda
1320 1169 1390 1210 est,
1422 1177 1442 1202 a
1474 1164 1632 1202 librario

210 1236 254 1261 ex
305 1222 463 1261 arbitrio
509 1222 737 1273 interposita
783 1234 867 1260 esse
912 1226 1033 1272 patet,
1088 1221 1204 1271 idque
1247 1221 1377 1272 ipsum
1424 1221 1539 1259 etiam
1585 1220 1631 1259 ad

209 1279 496 1318 distinctionem
520 1291 638 1317 uersu
660 1278 847 1317 eminenti
868 1278 1076 1316 indicatam
1098 1278 1290 1329 peruenit.
1333 1277 1524 1316 uocabulo
1546 1279 1634 1316 icem

209 1336 332 1387 capita
362 1336 667 1374 introducuntur
697 1348 778 1373 non
809 1334 1078 1385 aequabiliter:
1115 1335 1262 1373 scilicet
1292 1335 1331 1372 in
1363 1334 1492 1385 priore
1523 1339 1633 1385 parte

209 1393 347 1443 operis,
370 1392 556 1430 nimirum
580 1392 620 1430 in
642 1392 767 1430 titulis
788 1392 830 1431 (Ie
851 1392 1104 1442 cognitoribus
1120 1392 1482 1442 &procuratoribus
1497 1390 1631 1442 (quem

209 1449 384 1487 omnium
417 1449 483 1499 qui
515 1448 671 1498 quidem
703 1448 900 1499 supersint
921 1448 1093 1498 primum
1116 1448 1235 1486 fuisse
1257 1448 1381 1486 uideri
1402 1460 1519 1498 supra
1540 1459 1578 1498 p.
1608 1447 1632 1484 7

208 1505 393 1553 diximus)
425 1511 463 1543 et
493 1518 541 1544 eso
571 1512 690 1556 empto
723 1513 757 1544 et
777 1505 928 1544 uendv'to
948 1516 1143 1555 nusquam
1165 1504 1387 1551 offenditur,
1420 1516 1551 1542 rarum
1575 1508 1635 1542 est

208 1563 247 1600 in
280 1562 402 1600 titulis
436 1562 480 1600 (le
510 1575 581 1600 usu
611 1563 744 1613 fructu
790 1561 840 1612 (c.
872 1560 1052 1599 47—50.
1085 1561 1150 1600 53.
1184 1561 1250 1599 56.
1284 1560 1468 1611 60-63)
1509 1566 1547 1599 et
1591 1561 1635 1599 de

206 1631 248 1658 re
277 1622 418 1658 umorz'a
450 1620 499 1668 (c.
538 1618 629 1665 122,
676 1620 840 1657 sortasse
876 1618 990 1656 etiam
1024 1630 1055 1656 c.
1083 1618 1191 1669 107),
1232 1623 1367 1656 contra
1398 1622 1634 1668 perpetuum

208 1678 287 1714 fere
331 1676 372 1713 in
411 1675 626 1726 posteriore
666 1681 774 1726 parte
814 1675 962 1726 operis.
1008 1675 1155 1714 scilicet
1191 1675 1231 1713 in
1269 1674 1391 1713 titulis
1433 1675 1476 1713 de
1513 1687 1634 1713 eoscu-

208 1735 349 1772 satione
381 1737 417 1770 et
449 1732 491 1770 (le
518 1732 783 1771 donationibus
815 1737 853 1770 et
876 1732 991 1770 certis
1022 1732 1117 1770 locis
1140 1732 1201 1781 (ut
1223 1744 1254 1770 c.
1281 1730 1516 1770 130—133.
1540 1730 1634 1770 235.

210 1789 307 1839 236)
340 1789 391 1827 ita
422 1788 709 1840 interpositum,
747 1794 791 1827 ut
821 1788 1023 1827 euidenter
1054 1794 1236 1840 appareat
1256 1800 1338 1826 non
1360 1787 1569 1838 significari
1590 1800 1635 1826 eo

210 1845 399 1884 uocabulo
430 1845 467 1883 id
490 1846 593 1895 quod
617 1846 844 1884 enuntiatur
876 1858 908 1883 c.
931 1844 984 1883 93
1016 1845 1147 1884 uerbis
1176 1852 1258 1895 post
1284 1857 1411 1896 pauca
1438 1849 1475 1883 et
1496 1857 1528 1883 0.
1554 1844 1633 1883 149

211 1902 400 1940 uocabulo
439 1909 578 1948 cetera,
620 1902 767 1941 scilicet
806 1903 880 1940 hoc
919 1902 1003 1940 loco
1036 1902 1225 1952 quaedam
1260 1902 1403 1940 omissa
1434 1913 1534 1947 esse,
1568 1901 1635 1940 sed

210 1964 482 2010 excerptorum
525 1965 701 1997 tenorem
741 1958 973 1997 continuari.
1034 1959 1118 1997 aliis
1162 1959 1257 1997 locis
1300 1958 1524 2009 ambiguum
1564 1963 1634 2004 est,

207 2019 293 2054 item
333 2016 427 2054 illud
465 2020 599 2054 utrum
640 2028 661 2053 a
700 2016 951 2067 compilatore
990 2015 1163 2054 additum
1206 2016 1255 2054 sit
1294 2028 1343 2053 an
1379 2015 1552 2066 positum
1588 2014 1635 2053 ab

208 2072 293 2123 ipso
331 2085 447 2122 quem
486 2073 691 2123 exscripsit
727 2078 903 2119 auctore3
942 2072 1112 2122 positum
1153 2079 1192 2111 et
1233 2072 1280 2111 ab
1318 2072 1385 2110 illo
1416 2076 1454 2110 et
1484 2071 1530 2110 ab
1561 2071 1636 2109 1100

209 2129 400 2180 reperitur
422 2142 453 2167 c.
473 2129 566 2168 305.
609 2130 702 2168 haec
724 2129 894 2168 indicare
914 2129 1095 2167 videntur
1115 2129 1155 2167 in
1176 2129 1236 2168 his
1258 2128 1504 2167 collectaneis
1525 2140 1635 2167 com-

209 2186 400 2236 ponendis
432 2186 530 2224 duos
563 2186 668 2224 uiros
701 2198 952 2225 communem
985 2198 1142 2237 operam
1173 2186 1226 2224 ita
1255 2186 1445 2236 posuisse,
1480 2190 1525 2223 ut
1554 2197 1635 2223 non

210 2243 362 2280 easdem
394 2243 581 2281 formulas
612 2243 758 2293 pariter
788 2243 1027 2282 adhiberent.
1081 2248 1253 2281 ceterum
1285 2254 1522 2292 quamquam
1546 2241 1635 2292 qui-

209 2298 372 2337 busdam
404 2299 511 2344 locis,
543 2304 587 2337 ut
618 2312 649 2337 c.
675 2300 767 2338 145.
804 2300 896 2338 149.
929 2298 1010 2338 320
1043 2300 1232 2350 quaedam
1264 2312 1285 2337 a
1316 2298 1634 2349 compilatoribus

211 2368 255 2393 ex
293 2356 427 2394 ordine
466 2355 680 2394 uerborum
719 2356 905 2395 continuo
944 2362 1091 2395 resecta
1131 2368 1215 2395 esse
1252 2356 1316 2394 uel
1353 2355 1447 2394 adeo
1485 2359 1634 2393 mutata

210 2416 315 2449 extra
354 2412 515 2450 dubium
559 2417 636 2458 est,
668 2413 708 2450 in
748 2413 980 2452 uniuersum
1012 2418 1055 2451 ut
1086 2413 1208 2452 multa
1240 2412 1538 2463 praeterierunt,
1581 2411 1633 2449 ita

210 2467 443 2507 abstinuisse
474 2482 540 2507 eos
572 2482 592 2507 a
623 2469 837 2507 breuiando
870 2475 907 2508 et
938 2470 1126 2508 mutando
1159 2469 1329 2508 ostendit
1356 2473 1630 2519 excerptorum

209 2524 350 2562 horum
396 2526 633 2576 comparatio
680 2538 769 2564 cum
814 2526 1051 2573 Iustinianis,
1075 2538 1226 2576 'neque
1278 2525 1508 2577 prudentiae
1552 2524 1633 2563 Ro-

212 2592 358 2626 manae,
391 2582 514 2631 qualis
546 2582 636 2620 olim
669 2583 848 2633 apparuit
879 2596 958 2621 non
981 2583 1021 2621 in
1044 2583 1263 2632 regularum
1288 2587 1326 2620 et
1347 2581 1631 2620 sententiarum

210 2642 248 2674 et
260 2637 550 2676 institutionum
569 2638 771 2686 breuitate,
791 2640 855 2678 sed
874 2640 914 2678 in
933 2639 1303 2678 commentariorum
1322 2637 1577 2690 amplitudine
1595 2642 1633 2676 et
