1823 3016
101 1258 173 1300 9,1

680 197 797 201 ———
860 173 944 213 217
1009 196 1125 199 —
1238 181 1418 209 coxsvtsr.
1440 172 1472 214 8,
1494 172 1581 214 6—9,
1597 185 1623 209 3.

307 292 431 342 Impp.
455 291 641 330 Arcadius
665 297 702 330 et
724 291 920 330 Honorius
943 290 1018 329 ΑΑ.
1061 289 1115 328 Ne
1139 289 1385 329 diuersorum
1410 290 1619 329 criminum

194 348 249 388 rei
292 348 352 387 uel
392 348 538 387 desidia
574 348 748 387 iudicum
788 348 850 387 uel
887 347 1053 399 quadam
1092 346 1263 385 leuitatis
1304 346 1515 385 ambitione
1556 360 1623 398 per

193 405 417 458 prouincias
442 405 588 444 detenti
610 406 648 444 in
672 417 865 444 carcerem
891 403 1087 443 crudelius
1110 403 1355 447 differantur,
1388 411 1624 441 moneantur

195 474 332 501 omnes
363 461 510 500 iudices
543 462 754 513 productos
787 474 806 500 e
845 460 1032 501 custodiis
1070 473 1157 499 reos
1195 459 1432 499 discussioni
1472 459 1622 498 debitae

195 518 370 558 subicere
402 524 440 557 et
471 519 575 569 quod
607 519 709 569 leges
742 519 937 557 suaserint
968 516 1140 556 definire.
1203 516 1286 555 Dat.
1319 516 1370 554 111
1402 528 1494 554 11011.
1527 516 1622 566 Aug.
1675 520 1695 554 5

195 575 267 615 (ΞΡ.
300 575 463 614 Arcadio
494 576 544 614 111
578 582 616 614 et
647 575 820 614 Honorio
852 587 979 614 conss.
1645 587 1668 604 a·
1689 579 1742 604 396

310 631 391 670 Ηο6
422 632 538 670 etiam
573 632 791 683 specialiter
821 638 911 683 post
941 632 1042 670 hanc
1072 631 1193 681 legem
1227 630 1344 669 iudex
1376 628 1449 668 sibi
1479 635 1626 668 metuat

193 688 455 734 inferendum,
488 689 604 739 quod,
638 689 671 727 si
703 689 857 739 dignam
883 689 1043 728 tardarit
1065 700 1110 726 ex
1142 687 1223 738 lege
1246 687 1347 725 ferre
1375 685 1624 728 sententiam.

195 746 288 785 dum
321 745 543 797 principum
577 751 780 797 praecepta
822 745 1013 796 despexit,
1051 745 1134 796 ipse
1172 744 1322 794 legibus
1362 742 1623 782 damnabitur.

251 802 360 841 Vnde
391 815 437 840 ex
468 815 630 853 corpore
661 802 939 841 Theodosiani:
1656 803 1698 835 lO

308 859 406 910 Imp.
440 858 722 898 Constantinus
744 860 787 897 A.
818 865 856 898 et
877 859 1051 897 Iulianus
1075 857 1181 896 Caes.
1207 857 1252 895 ad
1277 857 1449 896 Taurum
1474 869 1537 908 pp.
1562 856 1623 904 (ad

194 916 322 955 locum
337 916 364 967 z)
405 915 677 955 Multabuntur
708 915 866 961 iudiceS,
900 915 967 966 qui
998 914 1186 965 rescripta
1219 913 1530 964 contempserint
1561 919 1627 951 aut

195 972 432 1012 distulerint.
465 972 548 1011 Dat.
571 972 622 1010 111
644 985 735 1011 11011.
758 972 828 1010 1111.
853 971 1109 1010 Constantino
1127 973 1170 1009 A.
1189 971 1254 1009 Vll
1276 977 1315 1009 et
1331 970 1479 1009 Iuliano
1497 982 1624 1008 conss.
1647 984 1671 1001 a·
1691 975 1743 1002 356

310 1029 511 1079 Intellegat
542 1041 648 1067 nunc
682 1028 888 1079 improbus
926 1034 1128 1067 accusator
1170 1028 1343 1066 cinctum
1381 1026 1548 1066 iudicem
1590 1033 1629 1064 et

195 1086 330 1125 uxoria
362 1086 471 1124 uelut
502 1092 659 1124 externa
692 1084 874 1123 debuisse
895 1084 1048 1135 negotia
1081 1083 1260 1122 definire:
1294 1090 1332 1122 et
1353 1095 1431 1122 non
1454 1083 1625 1128 licuisse,
1657 1083 1698 1117 15

194 1149 237 1182 ut
268 1142 437 1181 alienum
471 1147 623 1179 reatum
657 1146 861 1188 metueret,
894 1141 957 1180 cui
988 1141 1034 1179 de
1056 1140 1276 1179 manifestis
1308 1139 1384 1178 reis
1407 1152 1486 1179 non
1517 1139 1628 1178 licuit

193 1199 347 1238 tardare
378 1198 624 1237 sententiam.

250 1255 307 1294 Ex
337 1267 500 1306 corpore
532 1253 856 1306 Hermogeniani:

308 1312 434 1363 Impp.
466 1311 604 1351 Valens
636 1317 675 1351 et
706 1310 1000 1350 Valentinianus
1032 1309 1109 1348 AA.
1142 1310 1188 1349 ad
1222 1309 1476 1349 Volusianum
1510 1321 1625 1360 prae-

194 1370 285 1408 fect.
319 1369 405 1407 urb.
467 1368 561 1407 Post
599 1368 833 1407 sententiam
878 1368 1021 1419 pacisci
1061 1379 1141 1406 11011
1188 1367 1302 1406 licere
1348 1366 1444 1405 iuris
1489 1366 1625 1404 ordine
1655 1367 1698 1401 20

194 1431 463 1478 praecauetur.
526 1426 629 1464 unde
671 1437 760 1464 cum
803 1424 1027 1476 supplicans
1072 1424 1204 1475 inique
1244 1436 1284 1463 se
1323 1435 1550 1475 oppressam
1591 1428 1629 1461 et

195 1489 286 1534 post
326 1482 560 1521 sententiam
601 1482 697 1521 sacri
739 1481 923 1520 auditorii
961 1482 1169 1533 depactum
1206 1493 1291 1520 esse
1329 1485 1626 1522 commemoret,

195 1538 404 1578 Volusiane
435 1551 575 1590 parens
608 1538 812 1577 karissime
842 1544 957 1589 atque
995 1537 1281 1583 amantissime,
1324 1543 1452 1575 amota
1491 1548 1627 1587 poena,

196 1608 313 1647 quam
345 1601 458 1648 pacto
491 1602 624 1635 contra
656 1596 717 1634 ius
750 1597 850 1634 facto
884 1595 1072 1635 serenitas
1104 1601 1168 1634 tua
1206 1594 1335 1633 inesse
1373 1593 1625 1645 praeuiderit,
1655 1600 1699 1634 24

194 1654 323 1704 legum
353 1652 495 1691 auxilio
528 1653 706 1691 consulat
727 1651 971 1704 supplicanti.
1019 1652 1102 1691 Dat.
1126 1651 1195 1690 IlII
1217 1651 1267 1690 id.
1291 1652 1386 1701 Aug.
1410 1649 1627 1689 Mediolani.
1649 1667 1675 1686 a.
1693 1660 1745 1685 365

308 1709 429 1748 Iidem
465 1710 540 1748 AA.
573 1708 762 1760 Pompeio
807 1708 994 1747 Fauonio.
1063 1708 1349 1751 Hereditatem,
1396 1719 1512 1758 quam
1560 1706 1629 1745 tibi

194 1772 416 1818 competere
448 1766 532 1805 iure
564 1766 787 1812 confirmas,
819 1765 964 1815 negotii
997 1766 1136 1805 merito
1170 1765 1365 1810 discusso,
1404 1763 1627 1815 approbatis

194 1823 488 1874 allegationibus
520 1823 703 1862 restituet
738 1823 869 1873 legum
899 1822 1009 1862 fonte
1040 1823 1253 1861 demanans
1293 1820 1485 1860 sententia
1522 1819 1627 1858 iudi-

195 1881 328 1926 cantis,
363 1886 514 1918 remota
548 1879 729 1918 uidelicet
760 1880 950 1930 pactione,
984 1892 1101 1931 quam
1135 1879 1221 1918 dolo
1254 1877 1424 1930 patuerit
1447 1876 1628 1916 elicitam.

194 1936 278 1975 Dat.
311 1936 396 1974 VIII
426 1936 476 1974 id.
500 1936 613 1975 Febr.
636 1936 745 1987 alleg.
768 1949 861 1975 non.
886 1936 958 1974 kal.
982 1936 1102 1988 April.
1124 1936 1165 1975 in
1186 1936 1341 1974 basilica
1364 1934 1623 1973 Thermarum
1654 1942 1699 1975 30

198 1992 568 2032 Commodianarum
600 1993 696 2044 ipsis
727 1994 802 2031 ΑΑ.
835 2005 962 2032 conss.
1650 2017 1674 2035 a,
1695 2008 1746 2034 355

313 2050 434 2088 Iidem
459 2051 555 2100 Aug.
578 2049 809 2089 Mamertino
841 2063 905 2102 pp.
940 2050 1060 2100 (inter
1091 2055 1163 2089 cet.
1187 2055 1223 2088 et
1255 2048 1301 2087 ad
1324 2048 1452 2087 locum
1465 2049 1489 2096 z)
1513 2046 1628 2085 Pacta

197 2106 355 2158 quidem
388 2119 457 2158 per
488 2107 568 2145 uim
604 2113 643 2145 et
673 2112 822 2146 metum
857 2108 961 2159 apud
993 2119 1131 2146 omnes
1164 2105 1257 2145 satis
1289 2110 1443 2144 constat
1481 2110 1627 2143 cassata

198 2163 350 2202 uiribus
382 2163 614 2215 respuenda.
663 2163 746 2202 Dat.
779 2163 849 2203 XII
881 2165 954 2204 kal.
988 2164 1109 2216 April.
1141 2163 1236 2215 ipsis
1267 2163 1345 2201 ΑΑ.
1377 2174 1504 2200 conss.
1646 2177 1671 2195 a.
1692 2169 1744 2195 365

289 2234 315 2254 c..
346 2224 376 2263 8,
404 2224 420 2254 7
441 2239 485 2249 =
507 2223 581 2255 Cod.
613 2221 732 2256 leeod.
761 2223 790 2264 1,
817 2224 849 2263 2,
877 2225 906 2256 7.

289 2295 307 2325 2
335 2295 490 2326 lenitatis
511 2293 586 2325 Cod.
610 2292 731 2326 Theoti.
751 2292 761 2333 Η
782 2295 799 2324 5
826 2293 994 2333 subicere]
1013 2293 1156 2325 subdere
1178 2292 1253 2324 Cod.
1279 2291 1399 2324 leeod.
1420 2290 1429 2330 ³}
1450 2291 1469 2322 6
1488 2301 1555 2322 arc.
1573 2289 1630 2321 1111

199 2345 232 2372 et
257 2340 332 2371 hon.
359 2338 401 2371 111
427 2350 477 2372 aa.
504 2350 613 2371 conss
643 2338 718 2371 Cod.
743 2337 931 2379 leeod.118
956 2339 1128 2370 tardasset
1150 2338 1221 2371 Cui.
1244 2337 1338 2371 1586.
1360 2336 1407 2378 19
1435 2336 1630 2378 dispexerat

202 2385 271 2418 Cal.
295 2386 390 2418 1586.
417 2386 425 2427 Η
454 2386 493 2417 10
518 2385 735 2416 theodosiani
765 2384 836 2417 Cui.
858 2385 956 2424 1577,
982 2384 1197 2416 theodosiani
1217 2383 1256 2414 de
1276 2382 1423 2413 diuersis
1448 2381 1630 2423 rescriptis

198 2431 230 2463 id
260 2435 312 2462 est
338 2430 604 2463 auctoritatibus
625 2430 696 2461 Cui.
715 2430 812 2468 1586,
839 2440 911 2461 cum
931 2429 1051 2462 multis
1067 2429 1163 2462 libris
1180 2428 1226 2460 ad
1244 2427 1320 2459 Cod.
1345 2426 1464 2460 Theod.
1486 2427 1514 2465 1,
1534 2427 1565 2466 2,
1583 2427 1629 2467 cf.

201 2476 323 2508 Vesme
340 2475 386 2507 ad
408 2475 527 2508 Theod.
550 2475 559 2516 ξ’
584 2476 618 2507 11
641 2476 854 2507 constantius
873 2476 1069 2517 requiritur.
1091 2475 1102 2517 Η
1126 2475 1164 2507 19
1182 2473 1434 2505 ualentinianns
1453 2477 1487 2503 et
1512 2472 1630 2502 ualens

202 2521 273 2553 Cui.
295 2521 380 2553 1566
406 2524 506 2553 recte.
540 2521 549 2563 {l
581 2522 620 2552 ad
646 2521 871 2559 uolusiauum]
898 2521 1074 2552 uolusiano
1105 2519 1175 2551 Cui.
1204 2520 1300 2551 1566.
1325 2516 1334 2558 3³
1367 2518 1405 2550 21
1436 2526 1630 2559 oppressam

202 2566 271 2597 Cui.
295 2567 391 2599 1586.
411 2565 421 2608 Η
441 2567 483 2598 22
511 2568 683 2608 depactam
714 2566 784 2598 Cui.
807 2566 902 2597 1566.
924 2565 934 2607 [Ι
953 2566 996 2598 24
1022 2566 1204 2597 sinceritas
1227 2562 1467 2603 Gotlzofredus.
1488 2562 1498 2605 Η
1517 2563 1632 2605 perui-

201 2611 292 2643 derit
308 2611 506 2644 Mommsen.
528 2611 538 2654 1}
560 2613 600 2643 25
620 2612 804 2643 mediolane
827 2611 897 2643 Cui.
921 2612 1016 2643 1566.
1035 2612 1047 2650 ΙΙ
1066 2611 1108 2642 23
1127 2610 1289 2642 restituet
1308 2608 1379 2640 Cui.
1404 2607 1499 2648 1586,
1527 2607 1632 2639 resti—

200 2655 279 2689 tue*
296 2657 365 2689 Cui.
385 2658 469 2690 1566
484 2658 660 2695 (asterisco
671 2659 749 2701 post
763 2657 945 2688 iudicantis
959 2658 1123 2700 repetito),
1142 2655 1281 2687 restitui
1297 2652 1423 2685 efficiet
1440 2653 1513 2685 Cui.
1532 2653 1629 2684 1577.

205 2702 215 2744 Η
236 2704 278 2734 30
305 2713 379 2734 11011.
404 2714 470 2735 om.
493 2703 565 2735 Cui.
587 2704 688 2736 1566:
716 2713 798 2734 rom.
819 2701 1055 2743 Gotlzofredus.
1077 2702 1085 2743 ζ’
1107 2702 1145 2732 31
1175 2711 1288 2733 60111111.
1312 2699 1383 2730 Cui.
1406 2699 1504 2730 1577.
1533 2698 1632 2737 1586,

203 2759 284 2781 com.
315 2748 385 2780 Cui.
407 2749 504 2781 1566.
539 2748 549 2791 l]
585 2749 626 2781 34
654 2748 841 2790 respuenda
870 2746 943 2779 Cal.
966 2748 1061 2779 1566.
1091 2747 1186 2787 1586,
1215 2755 1289 2777 esse
1317 2754 1403 2787 resp.
1435 2744 1506 2776 Cui.
1531 2744 1630 2777 1577.
