1855 2957
711 110 829 114 ..-
893 91 916 131 9
982 109 1099 114 —.-.

254 225 289 264 p.
323 211 386 250 44.
413 211 465 250 45
527 211 574 250 de
607 209 886 250 donationibus
933 207 937 261 Ι
990 208 1035 248 ad
1069 209 1191 259 legem
1225 207 1397 247 Cinciam

252 282 289 321 p.
322 268 387 306 46.
413 269 465 306 47
528 269 574 307 (16
606 267 885 306 donationibus
932 265 936 316 Ι
1002 294 1377 303 ........

255 339 291 378 p.
324 324 390 363 48.
415 325 468 363 49
529 353 854 367 .......
931 323 936 373 1
990 322 1037 362 ad
1069 323 1191 373 legem
1225 321 1401 361 Cinciam

250 396 287 435 p.
321 383 385 421 50.
410 383 460 420 51
524 383 572 421 de
605 381 881 420 donationibus
929 379 934 428 Ι
987 380 1033 419 ad
1065 379 1189 430 legem
1223 378 1394 417 Cinciam

251 453 287 491 p.
320 440 372 478 52
421 469 430 477 .
453 469 461 478 .
524 439 571 478 de
604 438 882 478 donationibus
930 434 935 489 1
999 464 1373 475 ........

194 554 308 593 1111103
340 565 444 592 110113
476 553 615 604 pagina
636 552 792 591 rubrica
814 551 1031 590 mcontinet
1053 555 1186 596 totam,
1223 554 1431 601 propterea
1453 547 1557 598 quod
1580 547 1620 585 in

194 624 237 650 ea
258 611 396 662 incipit
417 610 567 649 titulus.
587 633 638 637 —
663 609 783 648 Tituli
805 609 844 647 hi
867 609 949 647 noti
971 613 1064 647 sunt
1086 613 1123 646 et
1144 606 1378 658 peruulgati.
1425 606 1491 644 sed
1516 605 1620 655 quod

193 668 259 719 qui
290 668 385 706 baec
417 667 572 717 collegit
602 672 691 718 post
722 666 961 718 emptionem
993 665 1126 716 posuit
1156 676 1274 703 11311111
1305 665 1497 709 fructum,
1533 668 1621 713 post

192 738 310 764 usum
342 726 514 763 fructum
546 737 629 763 rem
661 723 852 769 uxoriam,
885 723 1024 761 deinde
1055 726 1144 774 post
1174 720 1247 759 alia
1278 721 1399 759 multa
1423 719 1622 759 enarrauit

193 782 369 828 tutelam,
408 794 499 820 mox
536 781 670 832 paucis
710 779 950 831 interpositis
991 779 1067 830 egit
1099 779 1145 817 de
1177 778 1387 816 donatione
1418 777 1527 816 irrita
1557 776 1622 815 uel

195 840 423 890 imperfecta
454 838 607 889 (titulos
639 837 742 876 enim
768 837 935 887 ‘quando
958 837 1125 875 donator
1146 835 1394 885 intellegatur
1416 846 1620 873 reuocasse

194 895 452 935 uoluntatem'
491 901 528 934 et
569 895 627 933 ‘ad
665 895 790 944 legem
823 893 996 932 Cinciam
1028 893 1074 931 de
1106 892 1395 931 donationibus'
1430 892 1530 930 male
1562 891 1621 929 di-

192 954 327 992 uulsos
359 965 443 991 esse
476 952 539 991 uel
570 951 616 990 ab
649 956 807 990 auctore
840 951 903 989 uel
934 950 1094 988 demum
1125 963 1146 988 a
1176 948 1334 988 librario
1366 962 1403 1000 11.
1438 948 1490 988 82
1523 961 1562 987 11.
1599 949 1617 985 1

193 1009 499 1061 adnotauimus),
531 1009 572 1047 in
605 1021 648 1047 ea
678 1021 719 1047 re
751 1020 879 1058 neque
906 1020 926 1045 a
948 1006 1145 1058 prioribus
1168 1006 1355 1044 traditum
1377 1018 1449 1044 1160
1470 1005 1621 1044 ratione

194 1067 455 1117 excogitatum
488 1066 665 1104 ordinem
697 1065 822 1103 ullum
854 1070 1013 1103 secutus
1046 1064 1203 1102 uidetur
1229 1075 1326 1109 esse,
1360 1063 1427 1101 sed
1459 1062 1620 1101 fortuito

193 1126 273 1163 fere
319 1129 357 1162 et
398 1128 599 1174 tamquam
638 1122 685 1161 ad
724 1121 872 1161 scribae
913 1121 1212 1171 glutinatorisue
1248 1119 1455 1158 arbitrium
1488 1119 1622 1158 titulos

194 1181 540 1220 consarcinauisse.
587 1203 642 1207 —
687 1179 731 1218 In
772 1179 935 1229 singulis
974 1179 1096 1217 titulis
1132 1182 1412 1230 proponuntur
1443 1182 1624 1228 excerpta

193 1244 273 1277 tam
319 1251 365 1277 ex
404 1238 489 1277 iure
530 1250 648 1288 quam
686 1249 731 1275 ex
769 1236 918 1286 legibus
959 1235 1053 1274 item
1095 1235 1232 1274 ordine
1264 1234 1372 1273 nullo
1405 1239 1551 1273 temere
1582 1234 1622 1272 in

195 1296 348 1334 chartas
381 1295 568 1341 coniecta,
614 1299 658 1333 ut
705 1300 836 1332 tamen
874 1306 953 1331 non
986 1306 1073 1331 raro
1105 1293 1239 1331 uideas
1272 1296 1541 1343 excerptorem
1573 1291 1621 1329 li-

193 1352 310 1392 brum
347 1352 533 1391 continua
570 1351 737 1390 lectione
774 1355 1071 1402 percurrentem
1103 1350 1321 1389 secundum
1354 1348 1524 1387 auctoris
1557 1360 1622 1386 01·-

194 1410 325 1449 dinem
357 1422 427 1448 sua
457 1409 744 1461 perscripsisse.
806 1413 985 1446 auctores
1026 1407 1093 1457 qui
1129 1407 1224 1446 haec
1263 1406 1435 1457 primum
1469 1405 1624 1455 collegit

194 1466 418 1506 adhibuisse
463 1467 620 1505 uidetur
664 1478 745 1504 non
791 1465 867 1503 nisi
913 1470 992 1503 tres
1031 1464 1308 1516 Papinianum,
1355 1463 1466 1501 cuius
1505 1475 1622 1501 usur-

193 1524 302 1576 pauit
322 1536 509 1575 responsa
531 1524 712 1574 (fortasse
734 1535 824 1561 cum
847 1522 950 1560 notis
972 1521 1135 1573 leiani,
1159 1534 1196 1560 u.
1220 1534 1251 1559 c.
1272 1519 1343 1570 66)
1365 1525 1403 1558 61
1424 1519 1623 1570 quaestio-

194 1594 277 1628 nes,
318 1581 531 1632 leiamtm,
568 1580 678 1618 cuius
711 1579 886 1618 adhibuit
917 1578 1036 1617 libros
1065 1579 1111 1617 ad
1134 1577 1336 1624 Sabinum,
1370 1577 1414 1615 ad
1439 1576 1622 1621 edictum,

194 1650 489 1689 responsorum,
537 1638 583 1676 de
630 1637 757 1675 officio
803 1636 1062 1688 proconsulis,
1110 1636 1157 1674 de
1202 1633 1531 1679 excusationibus,
1578 1633 1624 1671 de

196 1695 323 1733 officio
362 1695 552 1746 praetoris
591 1694 777 1738 tutelaris,
821 1693 989 1744 denique
1027 1693 1203 1739 Paulum,
1245 1692 1356 1730 cuius
1397 1690 1624 1741 compilauit

195 1751 315 1790 libros
361 1752 408 1790 ad
454 1752 636 1797 edictum,
684 1751 731 1789 ad
777 1751 949 1789 edictum
994 1751 1040 1789 de
1079 1749 1278 1794 breuibus,
1329 1760 1622 1800 responsorum,

195 1809 483 1860 quaestionum,
527 1808 781 1855 manualium,
814 1807 1112 1853 sententiarum,
1145 1807 1192 1845 de
1228 1806 1479 1846 excusatione
1516 1810 1623 1843 tuto-

195 1878 296 1912 rum,
337 1867 383 1905 de
422 1866 549 1904 officio
586 1865 777 1918 praetoris
814 1864 1004 1909 tutelaris‚
1043 1865 1090 1903 de
1126 1863 1398 1903 iurisdictione
1434 1862 1624 1914 praetoris

195 1923 367 1962 tutelarii
394 1923 574 1962 editionis
597 1923 802 1967 secundae,
835 1921 882 1960 de
903 1921 1162 1967 testamentis,
1186 1921 1232 1960 ad
1254 1921 1379 1971 legem
1400 1919 1622 1960 Falcidiam.

196 1980 243 2018 ad
273 1980 564 2031 municipalem.
622 1985 756 2031 postea
796 1979 956 2017 demum
988 1979 1221 2029 diuersaque
1253 1977 1443 2028 allegandi
1473 1976 1623 2015 ratione

195 2037 242 2075 ad
288 2037 448 2075 titulum
495 2037 541 2075 de
578 2050 653 2075 11311
694 2038 825 2076 fructu
867 2041 1087 2074 extremum
1125 2036 1273 2075 adiecta
1312 2040 1406 2074 sunt
1443 2038 1623 2084 excerpta

196 2095 385 2145 quaedam
419 2094 468 2145 (c.
491 2093 678 2145 90—93)
724 2107 771 2132 ex
812 2098 971 2131 auctore
1009 2093 1076 2144 qui
1113 2093 1269 2144 scripsit
1308 2093 1354 2132 de
1390 2090 1624 2132 interdictis,

196 2151 262 2202 qui
303 2152 390 2202 quis
427 2151 562 2197 fuerit,
603 2151 829 2201 ignoratum
868 2163 949 2189 non
981 2163 1066 2189 esse
1097 2150 1331 2189 Venuleium
1365 2148 1622 2188 Saturninum

196 2213 241 2247 ut
284 2208 466 2247 Lenelius
514 2208 648 2258 (edict.
696 2221 803 2259 perp.
851 2220 887 2259 p.
930 2207 1036 2258 362)
1088 2212 1126 2246 et
1171 2208 1347 2258 Krueger
1393 2205 1623 2258 (Geschz'chte

197 2266 263 2304 der
299 2265 584 2316 Rechlsquellen
628 2278 665 2316 p.
700 2265 799 2316 300)
842 2265 937 2303 mihi
984 2264 1265 2316 probauerunt,
1311 2265 1364 2303 ita
1410 2263 1623 2314 quominus

196 2335 301 2361 unus
333 2323 383 2361 sit
414 2335 459 2362 ex
491 2322 617 2361 tribus
648 2322 736 2369 illis,
769 2322 907 2369 obstat,
941 2322 1045 2372 quod
1078 2322 1211 2360 nullus
1243 2334 1381 2361 eorum
1421 2321 1466 2359 de
1499 2320 1622 2358 inter-

196 2379 308 2418 dictis
348 2380 505 2431 speciali
533 2385 701 2418 tractatu
733 2379 889 2419 uidetur
920 2379 1062 2429 egisse,
1104 2391 1232 2430 neque
1262 2379 1289 2417 ii
1321 2378 1387 2429 qui
1419 2390 1623 2417 commen-

196 2437 386 2475 tariorum
418 2437 527 2476 Pauli
566 2437 611 2475 ad
644 2437 815 2475 edictum
852 2436 923 2475 1103
964 2436 1083 2475 libros
1122 2441 1274 2488 partem
1306 2448 1391 2474 esse
1423 2434 1624 2473 coniciunt

197 2494 249 2544 (v.
282 2493 403 2533 Lenel
438 2494 581 2545 paling.
616 2493 639 2532 2
673 2507 708 2545 p.
746 2493 883 2543 1230),
928 2493 966 2532 111
999 2494 1152 2532 efficere
1190 2498 1407 2544 potuerunt
1452 2492 1528 2530 nisi
1560 2491 1622 2529 in—

198 2550 476 2602 scriptionibus
514 2551 739 2590 coniectura
775 2550 947 2589 mutatis.
1009 2550 1312 2602 inscriptionum
1350 2550 1449 2588 ratio
1489 2549 1622 2588 eadem

197 2608 278 2646 fere
322 2614 381 2647 est
426 2621 524 2659 quae
560 2608 794 2647 obseruatur
829 2608 870 2646 111
908 2608 1066 2658 digestis
1102 2607 1347 2646 Iustinianis:
1395 2607 1624 2656 adlegantur

198 2670 346 2711 auctor,
394 2678 504 2717 opus,
551 2665 640 2704 libri
686 2677 888 2704 numerus.
950 2678 1029 2703 uno
1076 2665 1161 2703 1000
1201 2678 1232 2703 0.
1256 2664 1337 2703 266
1377 2663 1530 2722 1111113111
1577 2663 1623 2701 311
