1823 3016
665 180 781 183 —
846 156 930 197 169
994 179 1110 184 -—
1223 165 1414 192 COLLATIO
1439 157 1491 198 10,
1514 169 1590 193 1-2.

179 277 211 315 is
258 275 324 326 qui
374 274 691 313 commendatum
739 280 962 326 susceperat
1005 279 1093 313 ante
1140 274 1342 313 dominum
1386 282 1423 314 et
1453 275 1595 314 iurabit

179 332 275 372 nihil
306 344 347 371 se
369 331 548 382 nequiter
586 332 708 383 egisse
746 332 793 371 de
824 331 931 370 omni
961 344 1002 370 re
1034 332 1303 370 commendata
1335 331 1502 382 proximi
1535 333 1595 371 sui

180 397 217 429 et
247 387 488 428 liberabitur.

44 451 165 492 10‚2‚1
237 458 470 484 iuonsssrnws
522 445 620 483 libro
666 444 969 484 differentiarum
1018 444 1190 484 secundo
1238 444 1327 493 [sub
1369 444 1499 494 titulo]
1549 446 1595 484 de

342 502 518 553 deposito
552 502 612 541 uel
644 502 935 541 commendato:
1621 506 1641 540 5

293 558 536 598 Commodati
568 559 709 597 iudicio
732 565 950 598 conuentus
973 565 1009 597 et
1032 558 1183 609 culpam
1207 563 1403 609 praestare
1425 558 1595 609 cogitur:

179 616 245 668 qui
292 629 384 654 uero
430 616 594 667 depositi
640 617 885 662 conuenitur,
932 616 979 654 de
1017 616 1116 661 dolo,
1148 627 1226 653 non
1258 615 1373 654 etiam
1407 615 1453 654 de
1485 616 1597 666 culpa

178 673 499 712 condemnandus
544 678 614 711 est.
689 673 927 712 commodati
973 672 1075 711 enim
1115 678 1329 718 contractu,
1377 672 1465 723 quia
1498 672 1597 711 utri-

178 743 302 781 usque
348 730 613 769 contrahentis
660 730 804 769 utilitas
835 729 1060 775 interuenit,
1108 735 1321 780 utrumque
1358 735 1594 781 praestatur:

178 787 220 826 in
253 787 419 839 depositi
452 799 545 825 uero
577 799 690 825 causa
723 788 802 826 sola
835 787 1066 838 deponentis
1106 786 1253 825 utilitas
1286 787 1453 825 uertitur
1483 793 1521 825 et
1543 786 1596 824 ibi
1627 791 1667 825 10

143 844 293 883 2dolus
340 850 492 883 tantum
540 850 770 895 praestatur.
846 845 912 883 sed
958 844 998 882 in
1042 843 1180 882 ceteris
1220 855 1375 894 quoque
1421 843 1597 894 partibus

179 901 276 940 iuris
307 901 380 940 ista
414 901 542 952 regula
575 901 812 939 custoditur:
853 901 909 940 sic
941 901 1044 939 enim
1076 908 1115 939 et
1143 900 1183 938 in
1216 900 1377 939 tiduciae
1408 900 1597 939 iudicium

180 965 219 997 et
263 958 303 996 in
349 958 540 997 actionem
586 957 642 995 rei
688 957 844 996 uxoriae
892 957 1002 996 dolus
1049 965 1087 996 et
1117 957 1228 1008 culpa
1261 957 1478 1005 deducitur,
1509 957 1599 1008 quia

144 1015 387 1066 sumusque
433 1013 700 1053 contrahentis
747 1014 894 1053 utilitas
938 1015 1162 1053 interuenit.
1208 1014 1247 1052 in
1295 1013 1465 1053 mandati
1505 1027 1598 1052 uero

180 1072 367 1111 iudicium
401 1072 524 1118 dolus,
557 1083 636 1109 non
668 1070 784 1109 etiam
817 1071 928 1122 culpa
961 1071 1177 1110 deducitur.
1210 1071 1392 1121 quamuis
1424 1071 1598 1121 singula·
1627 1074 1668 1108 15

179 1129 275 1167 riter
321 1129 505 1167 denotare
550 1128 663 1166 liceat
707 1127 746 1165 in
795 1128 937 1167 tutelae
982 1127 1170 1166 iudicium
1202 1133 1415 1178 utrumque
1447 1127 1598 1173 deduci,

180 1198 268 1224 cum
302 1185 421 1224 solius
444 1184 591 1236 pupilli,
624 1196 702 1222 non
726 1183 842 1223 etiam
867 1185 1007 1223 tutoris
1033 1184 1177 1223 utilitas
1199 1184 1239 1222 in
1260 1184 1599 1223 administratione

145 1251 161 1275 4
181 1247 372 1281 uersetur.
434 1241 599 1293 depositi
631 1241 837 1280 damnatus
869 1241 1025 1280 infamis
1047 1248 1122 1281 est:
1156 1241 1223 1292 qui
1246 1254 1339 1280 uero
1362 1241 1599 1280 commodati

179 1300 398 1346 damnatur,
445 1311 523 1337 non
570 1298 614 1337 fit
650 1298 825 1337 infamis:
873 1299 968 1338 alter
999 1298 1100 1337 enim
1135 1304 1294 1350 propter
1325 1298 1471 1344 dolum,
1504 1298 1600 1337 alter

142 1363 339 1408 spropter
395 1355 547 1407 culpam
595 1356 891 1395 condemnatur.
966 1356 1117 1395 actione
1163 1355 1327 1406 depositi
1381 1361 1599 1395 conuentus
1626 1360 1670 1393 20

179 1413 415 1452 cibariorum
462 1412 622 1451 nomine
667 1414 769 1464 apud
802 1413 971 1452 eundem
1002 1413 1169 1452 iudicem
1202 1412 1351 1452 utiliter
1381 1412 1597 1464 experitur:

179 1477 218 1509 at
262 1470 294 1508 is
335 1470 397 1509 cui
428 1482 489 1508 res
521 1471 766 1508 commodata
804 1477 863 1509 est
897 1469 1060 1521 inprobe
1092 1470 1325 1509 cibariorum
1358 1470 1598 1508 exactionem

178 1527 358 1566 intendit.
434 1527 618 1578 inpensas
658 1533 787 1565 tamen
825 1526 1063 1566 necessarias
1095 1527 1178 1565 iure
1210 1526 1470 1578 persequitur,
1503 1539 1599 1577 quas

143 1592 159 1617 6
179 1586 279 1623 forte
310 1583 350 1622 in
382 1596 541 1635 aegrum
574 1584 636 1622 uel
667 1584 759 1623 alias
790 1583 1034 1623 laborantem
1065 1583 1299 1635 inpenderit.
1341 1596 1402 1622 res
1426 1584 1599 1636 deposita

268 1686 295 1708 c.
323 1676 354 1716 2,
381 1678 399 1708 5
426 1675 472 1708 ad
494 1676 672 1719 experitur
695 1676 835 1718 :mg
867 1677 920 1718 16,
946 1676 977 1716 3,
1004 1676 1058 1708 23.

179 1740 281 1747 »ssrsss
290 1740 545 1746 sN—„Nmsmysuv
549 1740 597 1747 «vv
608 1740 711 1747 zmwdv
716 1740 816 1747 ssssrusx
821 1741 1002 1747 mlv-:Naesl
1008 1741 1048 1746 yla
1052 1740 1148 1747 mvn.

1236 1740 1382 1747 ΝΜΜΛΨ
1386 1740 1496 1746 ,Δί-»κωωφ
1501 1740 1575 1746 &vt-2
1580 1740 1600 1745 s.

272 1776 285 1807 1
321 1786 382 1817 que
403 1774 459 1807 W.
488 1774 503 1817 Η
533 1776 561 1807 is
588 1776 644 1818 qui
675 1787 702 1807 c.
732 1778 940 1817 susceperat]
972 1775 1123 1807 dominus
1154 1775 1270 1807 domus
1296 1775 1420 1808 Bellon.
1453 1786 1499 1807 eoe
1524 1785 1598 1807 ucr-

176 1823 273 1853 sz‘one
299 1821 575 1863 Hieronymiana.
617 1820 627 1863 Η
669 1824 757 1861 ante]
791 1822 897 1853 stabit
927 1826 1004 1854 ante
1025 1819 1081 1853 W.
1123 1820 1134 1863 Η
1174 1821 1302 1852 iurauit
1319 1822 1356 1860 B,
1390 1822 1481 1853 iuret
1500 1821 1541 1854 V.
1589 1821 1599 1864 Η

178 1865 189 1909 Η
221 1868 239 1898 2
267 1867 348 1898 nihil
371 1877 407 1898 se
427 1878 455 1898 n.
482 1868 592 1907 egisse
618 1867 759 1907 (egisset
780 1866 845 1907 W)
871 1868 910 1898 de
929 1867 1017 1898 omni
1036 1869 1085 1906 re]
1104 1867 1225 1899 nialest
1241 1866 1292 1905 (id
1306 1870 1355 1899 est
1371 1868 1456 1899 male
1474 1868 1524 1907 se)
1542 1879 1600 1898 co-

176 1913 304 1951 gitasse
331 1922 435 1953 neque
461 1912 684 1954 intercepisse
710 1913 879 1945 detinuire
896 1911 1020 1945 Bellon.
1042 1912 1051 1955 Η
1071 1913 1331 1945 commendatam
1351 1911 1407 1945 W.
1434 1912 1444 1955 Η
1469 1914 1489 1944 4
1514 1912 1599 1944 mod.

176 1958 200 1989 1.
227 1959 256 1989 d.
284 1967 348 1989 sec.
376 1968 440 1989 om.
468 1956 561 1990 VW,
656 1958 715 1989 sub
741 1959 843 1990 titulo
869 1958 993 1990 addidi.
1026 1958 1036 2000 Η
1072 1960 1090 1990 5
1116 1959 1184 1998 uel]
1210 1963 1243 1989 et
1262 1957 1357 1991 VW.
1391 1958 1401 2001 Η
1436 1969 1599 1990 commen—

177 2004 268 2042 dato]
283 2003 510 2035 commendate
527 2002 584 2035 W.
634 2004 653 2035 6
667 2005 918 2041 comsm)endati
932 2004 1020 2036 libri.
1041 2003 1051 2047 Η
1070 2005 1262 2046 quomodati
1278 2002 1335 2036 W.
1355 2003 1365 2046 Η
1385 2006 1430 2043 et]
1447 2009 1499 2036 est
1513 2003 1600 2036 libri.

180 2047 190 2091 Η
226 2049 243 2079 7
263 2049 302 2079 de
321 2048 466 2091 depositi
491 2049 528 2080 B.
549 2048 559 2091 Η
578 2049 708 2091 culpam
727 2050 756 2081 Β
786 2048 796 2091 Η
828 2050 847 2082 8
872 2051 1133 2092 condempnatus
1154 2049 1209 2082 W.
1242 2048 1252 2092 Η
1284 2049 1503 2081 commendati
1523 2050 1565 2082 V.
1587 2049 1597 2090 Η

177 2095 262 2126 enim
290 2104 352 2126 om.
379 2093 420 2126 V.
451 2095 463 2131 ΙΙ
494 2099 688 2135 contractus
706 2095 743 2127 B.
776 2095 786 2138 Η
816 2096 967 2138 uti-isque
999 2095 1091 2128 VW.
1132 2094 1142 2137 Η
1182 2096 1220 2128 10
1247 2106 1378 2127 causam
1406 2096 1511 2127 solam
1543 2094 1599 2130 W.

176 2140 188 2184 Η
220 2141 365 2171 uestitur
385 2139 479 2172 VW.
523 2140 533 2182 Η
575 2145 609 2172 et
633 2141 691 2180 ibi]
717 2141 779 2172 tibi
806 2142 842 2173 B.
885 2140 895 2183 Η
940 2141 979 2174 12
1006 2142 1131 2173 iudicio
1157 2140 1242 2173 libri.
1284 2139 1294 2183 Η
1339 2141 1378 2172 13
1407 2142 1544 2173 causula
1561 2141 1598 2172 B.

178 2189 190 2226 Η
220 2185 374 2224 uxoriae]
392 2187 492 2217 uxori
510 2190 545 2217 et
561 2186 600 2226 B,
618 2187 718 2218 uxori
738 2186 780 2226 V,
806 2186 961 2219 luxuriae
983 2185 1038 2219 W.
1060 2187 1070 2230 Η
1089 2192 1122 2219 et
1147 2197 1211 2219 om.
1229 2186 1270 2219 V.
1292 2184 1302 2227 Η
1323 2187 1450 2229 culpam
1469 2187 1506 2218 B.
1527 2184 1537 2228 Η
1561 2187 1599 2218 15

176 2230 299 2262 iudicio
335 2230 424 2263 libri.
467 2230 476 2273 Η
519 2232 629 2271 dolus]
661 2232 689 2263 d.
720 2232 755 2263 hi
776 2231 832 2264 W.
876 2231 886 2274 Η
928 2233 1025 2275 culpa
1052 2258 1059 2264 .
1085 2259 1092 2265 .
1117 2258 1124 2265 .
1151 2234 1254 2265 liceat
1277 2232 1419 2270 (liceant
1438 2231 1489 2272 V)
1516 2233 1547 2263 in
1576 2238 1599 2264 t.

176 2276 334 2308 iudicium
360 2277 502 2315 (iudicio
531 2276 628 2316 Vll‘)
654 2282 828 2319 utrumque
854 2279 1086 2321 (utrorumque
1111 2279 1164 2319 V)
1190 2280 1220 2310 d.
1247 2290 1274 2310 c.
1300 2288 1325 2310 s.
1354 2278 1474 2320 pupilli
1499 2277 1600 2319 (polli

179 2320 246 2361 W)
273 2333 335 2353 non
364 2322 463 2354 etiam
490 2333 555 2354 om.
580 2322 618 2354 B.
638 2322 648 2365 Η
673 2324 708 2356 17
731 2323 871 2362 tutoris]
897 2326 1042 2356 rectoris
1063 2323 1138 2364 Wb,
1167 2326 1232 2356 inc.
1254 2322 1331 2356 Wa.
1352 2324 1362 2367 Η
1382 2323 1598 2356 administra-

176 2368 301 2399 tionem
321 2366 377 2400 W.
421 2367 431 2411 Η
476 2368 515 2399 18
541 2374 698 2400 uersatur
729 2369 814 2400 libr-5.
856 2367 866 2410 Η
908 2370 1095 2410 damnatus]
1125 2371 1156 2402 d.
1185 2380 1248 2400 non
1275 2370 1311 2401 fit
1328 2370 1369 2401 V.
1413 2368 1423 2411 Η
1464 2368 1599 2400 infamis

177 2418 230 2444 est
255 2423 282 2454 q.
310 2424 339 2444 u.
367 2426 393 2445 c.
420 2415 449 2445 d.
476 2423 539 2445 om.
566 2412 622 2445 W.
665 2412 675 2455 Η
720 2415 759 2447 19
786 2415 833 2453 lit]
866 2415 911 2447 sit
936 2413 1028 2447 VW.
1071 2415 1081 2458 Η
1121 2414 1264 2448 infamus
1290 2413 1347 2446 W.
1390 2415 1400 2457 Η
1442 2414 1544 2453 alter]
1571 2424 1599 2446 a.

178 2459 264 2489 enim
290 2457 346 2490 W.
388 2457 399 2501 Η
442 2459 484 2490 20
519 2460 615 2500 culpa
646 2458 686 2491 V.
728 2458 738 2501 Η
781 2460 947 2492 actionem
973 2459 1030 2493 W.
1073 2460 1083 2504 Η
1131 2460 1290 2502 depositi]
1316 2459 1407 2502 Dig„
1445 2459 1599 2501 deposito

178 2503 253 2544 BV,
284 2504 455 2546 depositus
477 2503 534 2537 W.
576 2502 586 2546 Η
629 2507 827 2544 conuentus]
860 2516 888 2537 c.
919 2516 1018 2538 seruo
1052 2507 1237 2538 constituto
1263 2505 1342 2547 mg.
1385 2505 1395 2547 Η
1437 2505 1477 2537 21
1506 2505 1599 2536 ciba-

179 2549 318 2588 riorum]
348 2549 440 2592 Digz,
465 2551 670 2581 ciuariarum
697 2550 771 2589 BV,
808 2550 1035 2594 cybariarium
1061 2550 1118 2584 W.
1168 2552 1178 2595 Η
1229 2551 1270 2582 22
1301 2551 1341 2582 ad
1370 2551 1423 2582 his
1453 2550 1539 2582 libri.
1588 2550 1598 2592 Η

179 2596 437 2634 commendata
469 2601 521 2628 est
546 2593 687 2636 BVlVb,
719 2597 1003 2628 commendantem
1028 2595 1106 2629 Wa.
1148 2596 1158 2640 Η
1200 2596 1418 2635 cibariorum]
1443 2595 1525 2636 edd„
1550 2596 1600 2628 ci-

179 2640 350 2671 nai-iarum
367 2640 444 2681 BV,
478 2642 693 2685 cybariarum
714 2640 770 2674 JV.
813 2640 823 2684 Η
865 2642 907 2674 23
934 2642 1008 2674 iure
1038 2643 1263 2685 persequitur]
1295 2642 1368 2673 siue
1396 2651 1600 2684 persequen—

178 2684 261 2716 tium
281 2683 337 2717 W.
380 2685 390 2728 Η
432 2688 475 2719 24
499 2690 649 2727 aegrum]
681 2698 795 2719 eorum
815 2687 859 2720 V.
901 2686 912 2729 Η
953 2698 1007 2720 res
1039 2689 1204 2731 deposita]
1239 2687 1415 2730 respondit
1447 2687 1598 2729 deposita

178 2729 218 2770 B,
245 2730 284 2761 de
310 2731 460 2764 dominos
487 2734 713 2776 subripientes
733 2731 790 2774 W,
816 2743 880 2765 om.
900 2732 942 2765 V.
