1823 3016
671 155 787 159 —
852 132 933 172 149
997 156 1113 160 ——
1254 142 1448 168 comum
1469 134 1502 173 4,
1524 145 1600 169 1—2.

733 278 946 321 <T1Tvtvs
970 277 1050 320 11ss>

655 343 724 382 DE
764 342 1028 382 ADVLTER
1042 342 1129 382 IIS.

42 421 74 463 4,
101 433 125 461 1,
145 433 159 456 1
241 422 382 449 moyses
415 410 526 449 dixit:

300 467 532 519 Quicunque
551 469 776 507 moechatus
793 468 913 508 fuerit
934 468 1135 507 mulierem
1154 467 1321 519 proximi
1343 468 1414 515 sui,
1435 475 1600 508 mortem

148 544 163 568 2
185 523 377 563 moriatur
408 526 474 575 qui
506 526 732 564 moechatus
755 525 872 564 fuerit
903 532 939 564 et
971 538 1068 577 quae
1100 525 1300 564 moechata
1331 526 1460 564 fuerit.
1499 526 1601 577 quod
1628 539 1648 573 5

183 581 215 619 si
248 581 364 632 aliqui
399 581 597 621 seduxerit
643 582 833 633 uirginem
877 594 957 621 non
989 582 1259 634 desponsatam
1295 588 1334 621 et
1364 584 1603 634 stuprauerit

147 652 163 676 3
184 650 282 683 eam,
316 638 463 677 dotabit
493 651 576 677 eam
610 639 684 678 sibi
715 639 755 677 in
789 652 963 678 uxorem.
1043 639 1146 690 quod
1192 639 1225 678 si
1261 641 1464 678 rennuerit
1495 645 1603 691 pater

182 694 266 732 eius
299 701 338 733 et
368 695 538 734 noluerit
569 708 651 734 eam
686 696 776 735 dare
806 696 861 734 illi
894 708 1067 741 uxorem,
1090 696 1294 748 pecuniam
1325 696 1468 736 inseret
1488 697 1602 749 patri,

181 750 220 789 in
254 758 445 802 quantum
479 758 538 791 est
569 753 638 791 dos
670 752 845 803 uirginis.

42 814 74 858 4,
101 827 161 855 2,1
241 821 383 847 PAVLVS
414 809 512 847 libro
544 810 729 860 singulari
761 810 808 848 de
838 809 1023 848 adulteris
1055 809 1128 848 sub
1160 809 1290 848 titulo:
1631 823 1673 857 10

295 865 458 904 Breuem
480 866 841 918 interpretationem
867 867 972 917 [legis
988 866 1118 916 Iuliae]
1142 867 1187 905 de
1209 866 1395 905 adulteris
1417 879 1602 906 coercen-

180 920 238 960 dis
270 923 445 961 sacturus
477 935 546 973 per
568 923 650 974 ipsa
673 924 794 974 capita
817 923 872 961 ire
897 924 1013 961 malui
1037 923 1293 974 ordinemque
1314 924 1409 974 legis
1431 936 1600 963 seruare.

142 993 157 1016 2
179 984 217 1017 et
248 978 405 1029 quidem
438 979 610 1030 primum
643 985 759 1031 caput
788 979 882 1030 legis
918 978 1061 1033 <Iuliae
1091 980 1137 1018 de
1166 980 1377 1033 adulteris>
1403 981 1600 1032 prioribus

141 1049 157 1072 3
177 1035 326 1085 legibus
357 1036 536 1087 pluribus
569 1036 742 1086 obrogat.
800 1037 971 1074 secundo
1005 1049 1097 1075 uero
1129 1036 1252 1088 capite
1274 1037 1467 1088 permittit
1488 1038 1600 1089 patri,

177 1092 222 1141 [si
252 1091 304 1141 in]
336 1092 413 1130 filia
444 1105 526 1139 sua,
559 1105 673 1144 quam
707 1092 746 1130 in
777 1098 968 1144 potestate
1000 1093 1128 1140 habet,
1160 1099 1227 1132 aut
1258 1093 1296 1132 in
1319 1106 1374 1139 ea,
1407 1107 1506 1145 quae
1527 1095 1598 1144 [eo]
1629 1107 1671 1142 15

176 1154 348 1194 auctore,
380 1161 468 1187 cum
501 1148 542 1187 in
574 1154 765 1201 potestate
797 1156 913 1196 esset,
961 1150 1045 1188 uiro
1090 1149 1129 1188 in
1167 1162 1326 1189 manum
1359 1151 1599 1198 conuenerit,

176 1205 395 1244 adulterum
428 1205 534 1244 domi
566 1219 658 1245 suae
690 1206 872 1257 generiue
904 1206 964 1244 sui
997 1206 1298 1258 deprehenderit
1327 1207 1412 1246 isue
1444 1209 1482 1247 in
1515 1220 1599 1246 eam

175 1274 258 1300 rem
292 1274 470 1302 socerum
504 1263 735 1310 adhibuerit,
759 1269 803 1302 ut
823 1263 854 1302 is
876 1269 986 1314 pater
1008 1275 1096 1301 eum
1121 1264 1340 1303 adulterum
1364 1264 1447 1303 sine
1465 1265 1601 1304 fraude

139 1333 154 1356 4
176 1318 338 1366 occidat,
370 1319 422 1358 ita
454 1324 498 1358 ut
528 1320 645 1359 filiam
676 1320 717 1358 in
750 1319 966 1359 continenti
988 1320 1148 1359 occidat.
1201 1321 1241 1359 in
1269 1321 1329 1360 sui
1351 1321 1447 1360 iuris
1469 1328 1599 1361 autem

266 1432 293 1453 c.
324 1422 399 1462 1,1.
448 1420 558 1454 Lem't.
579 1422 633 1463 20,
662 1423 717 1455 10:
749 1418 789 1459 ὃς
820 1418 864 1455 ἂν
893 1418 1136 1466 μοιχεύσηται
1164 1426 1319 1467 γυναῖκα
1344 1424 1409 1457 τοῦ
1433 1425 1602 1467 πλησίον,

173 1464 324 1510 θανάτῳ
349 1462 667 1501 θανατούσθωσαν
692 1465 710 1500 ὁ
736 1465 924 1513 μοιχεύων
948 1469 1006 1500 καὶ
1033 1466 1053 1511 ἡ
1078 1471 1336 1513 μοιχευομένη.

266 1524 293 1544 c.
323 1515 351 1552 1,
369 1513 468 1545 2-3.
505 1513 617 1545 Eoeod.
641 1514 700 1546 22:
739 1515 807 1552 (16)
833 1512 898 1547 ἐὰν
926 1513 962 1547 δὲ
992 1511 1161 1560 ἀπατήσῃ
1190 1526 1244 1551 τις
1272 1516 1462 1560 παρθένον
1487 1511 1600 1559 ἀμνή-

174 1567 321 1591 στευτον
345 1560 405 1590 καὶ
434 1559 591 1603 κοιμηθῇ
617 1559 694 1602 μετ’
722 1557 839 1602 αὐτῆς,
872 1560 988 1605 φερνῇ
1014 1563 1156 1605 ᾳερνιεῖ
1178 1558 1292 1602 αὐτὴν
1317 1557 1410 1604 αὐτῷ
1433 1563 1598 1605 γυναῖκα·

174 1604 248 1642 (17)
266 1603 332 1636 ἐὰν
355 1603 393 1636 δὲ
418 1600 603 1638 ἀνανεύων
619 1600 798 1651 α’νανεύσῃ
822 1606 884 1637 καὶ
906 1604 955 1648 μὴ
975 1599 1147 1647 βούληται
1165 1604 1183 1638 ὁ
1203 1606 1322 1650 πατὴρ
1342 1605 1451 1649 αὐτῆς
1469 1606 1597 1641 δοῦναι

174 1645 286 1690 αὐτὴν
313 1645 407 1692 αὐτῷ
432 1651 594 1692 γυναῖκα,
626 1648 801 1696 ἀργύριον
827 1647 993 1684 ἀποτίσει
1023 1650 1071 1694 τῷ
1096 1652 1210 1696 πατρὶ
1233 1654 1315 1686 καθ’
1342 1650 1431 1686 ὅσον
1455 1651 1551 1686 ἐστὶν
1576 1650 1596 1695 ἡ

174 1692 287 1737 φερνὴ
312 1695 382 1727 τῶν
408 1696 618 1741 παρθένων.

265 1799 284 1830 3
310 1799 394 1832 dicit
422 1799 479 1832 W.
526 1800 539 1841 11
587 1801 608 1832 4
633 1801 841 1833 maeschatus
868 1801 933 1833 Va.
981 1800 993 1844 Η
1041 1800 1156 1842 fuerit]
1184 1803 1258 1834 fieri
1283 1803 1313 1835 B
1337 1803 1432 1844 (ind.)
1475 1803 1485 1845 Η
1527 1815 1598 1836 mu-

171 1844 304 1884 lierem]
322 1845 363 1886 V,
391 1846 534 1878 muliere
552 1845 580 1878 Β
598 1845 706 1885 (ind),
725 1857 797 1879 cum
815 1848 991 1880 mulierem
1010 1847 1038 1879 B
1055 1848 1172 1890 (tea-Z.)
1192 1847 1248 1881 W.
1284 1848 1294 1891 ΙΙ
1328 1855 1435 1882 morte
1454 1850 1498 1882 V.
1532 1850 1543 1893 Η
1579 1851 1596 1882 5

173 1900 235 1931 que
263 1890 319 1923 W.
373 1890 384 1933 Η
436 1890 541 1923 fuerit
566 1902 630 1923 om.
657 1890 712 1924 W.
755 1891 766 1935 Η
807 1895 900 1935 quae]
928 1892 984 1935 qui
1010 1893 1101 1926 VW.
1142 1892 1153 1936 Η
1192 1896 1377 1934 moechata]
1403 1897 1596 1928 moechatus

176 1934 252 1967 W«.
302 1934 312 1977 Η
364 1938 383 1968 6
417 1937 538 1978 aliquis
569 1938 749 1969 aeduxerit
774 1938 812 1979 B,
850 1939 975 1980 aliquis
1009 1944 1042 1971 et
1067 1940 1206 1972 duxerit
1231 1940 1274 1980 V,
1310 1941 1434 1983 aliquis
1461 1942 1598 1973 duxerit

176 1980 232 2013 W.
262 1982 275 2021 Η
305 1987 493 2023 sponsatam
512 1982 552 2015 V.
583 1981 593 2025 Η
625 1984 854 2025 struprauerit
874 1984 935 2016 Va.
965 1983 976 2026 Η
1007 1985 1026 2016 7
1053 1985 1196 2024 dotabit]
1216 1984 1274 2027 W,
1301 1987 1416 2018 docuit
1439 1986 1477 2029 B,
1504 1988 1598 2019 dauit

174 2024 215 2058 V.
251 2026 261 2068 Η
297 2037 367 2058 eam
394 2038 456 2059 om.
477 2027 518 2060 V.
560 2027 570 2070 Η
613 2030 631 2060 8
658 2029 711 2060 illi
740 2030 819 2060 dare
849 2029 905 2062 W.
941 2029 951 2073 Η
987 2029 1131 2062 inferret
1157 2030 1199 2064 V.
1234 2029 1245 2073 Η
1281 2032 1300 2064 9
1326 2032 1358 2063 in
1387 2042 1450 2064 om.
1477 2032 1548 2065 edd.
1586 2032 1597 2075 Η

175 2073 215 2104 10
241 2072 361 2114 paulus
388 2073 492 2111 (libro
520 2073 606 2105 liber
633 2073 698 2115 W)
725 2075 909 2114 singularis
935 2076 990 2115 (B,
1024 2077 1228 2116 singularem
1255 2076 1323 2117 W)
1357 2078 1396 2109 de
1428 2078 1596 2110 adulteris

171 2117 310 2156 (ulteris
335 2118 362 2149 B
387 2118 470 2158 ind.)
502 2119 561 2150 sub
595 2120 697 2151 titulo
724 2119 813 2160 BW,
847 2120 907 2152 sub
932 2122 1035 2153 titulo
1061 2122 1100 2154 de
1126 2122 1308 2155 adulteriis
1334 2123 1415 2163 (om.
1442 2123 1596 2165 reliquis)

173 2162 217 2195 V.
253 2162 263 2205 Η
302 2163 338 2195 11
368 2164 682 2206 interpetrationem
708 2165 747 2198 Β.
781 2164 792 2208 Η
826 2166 913 2207 legis
939 2167 1044 2198 iuliae
1070 2167 1203 2200 addidit
1225 2168 1384 2200 Huschke.
1419 2168 1429 2212 Η
1463 2169 1595 2201 adulte-

171 2208 234 2240 riis
261 2208 305 2249 V,
338 2209 509 2241 adulterio
538 2208 593 2242 W.
637 2210 647 2253 Η
691 2211 730 2243 12
764 2212 832 2253 per]
866 2213 899 2243 iu
931 2212 989 2245 W.
1031 2211 1042 2255 Η
1091 2214 1192 2254 ipsam
1220 2213 1293 2246 BV.
1337 2213 1348 2256 Η
1390 2215 1531 2256 capitam
1560 2215 1596 2246 Β.

175 2252 185 2294 Η
217 2255 281 2293 ire]
312 2254 344 2286 in
372 2266 408 2287 re
436 2255 480 2295 V,
512 2265 580 2286 rem
609 2254 663 2288 W.
707 2255 717 2298 ΙΙ
758 2257 876 2288 maluit
900 2258 940 2298 B,
971 2260 1049 2290 mali
1078 2258 1133 2291 W.
1176 2258 1186 2302 Η
1231 2260 1270 2291 13
1297 2260 1402 2292 iuliae
1428 2260 1520 2299 (iulii
1546 2261 1595 2301 V)

171 2301 210 2330 de
235 2300 400 2332 adulteris
424 2300 542 2333 delent.
583 2299 594 2343 Η
638 2303 678 2335 14
710 2302 861 2344 obrogat]
887 2302 1052 2345 Scaliger,
1084 2306 1227 2346 abrogat
1256 2305 1344 2337 libri.
1388 2304 1399 2347 Η
1441 2312 1537 2347 pater
1556 2306 1595 2337 B.

174 2343 184 2385 Η
218 2345 256 2376 15
283 2346 313 2376 si
338 2346 370 2377 iu
398 2356 462 2378 om.
488 2346 575 2378 libri.
607 2346 617 2389 Η
653 2347 738 2379 filias
765 2358 842 2380 suas
869 2359 948 2391 quas
968 2349 1043 2388 BV,
1068 2349 1215 2382 familias
1233 2352 1312 2387 (om.
1331 2361 1391 2382 sua
1408 2354 1518 2393 quam)
1539 2351 1595 2384 W.

172 2389 182 2431 Η
226 2394 427 2433 potestatem
459 2391 546 2424 libri.
589 2391 599 2435 Η
641 2395 711 2432 aut]
743 2393 915 2437 Pithoeus,
947 2400 984 2427 ut
1009 2395 1048 2436 B,
1074 2406 1139 2427 om.
1167 2394 1260 2428 VW.
1303 2395 1313 2438 Η
1354 2406 1433 2436 ,οδω
1467 2407 1594 2439 queque

173 2434 229 2467 W.
271 2435 283 2478 Η
328 2447 367 2468 eo
398 2447 463 2469 0711.
496 2437 585 2470 libri.
626 2436 637 2480 Η
678 2438 717 2470 16
744 2445 913 2471 auctorem
939 2441 982 2472 V.
1023 2440 1035 2483 Η
1076 2442 1163 2481 uiro]
1197 2452 1279 2473 uero
1306 2441 1343 2473 B.
1385 2441 1397 2485 Η
1438 2442 1470 2473 in
1497 2453 1593 2474 mano

171 2482 368 2514 conuenerit
394 2482 471 2523 BV,
497 2494 568 2515 cum
594 2484 626 2515 in
651 2494 779 2516 manum
805 2486 938 2517 uenerit
958 2485 1013 2518 W.
1050 2484 1061 2529 Η
1097 2487 1137 2518 17
1163 2487 1318 2519 adultero
1343 2487 1386 2519 V.
1429 2487 1440 2530 Η
1483 2489 1594 2520 domui

172 2525 210 2564 Β,
237 2527 351 2559 domus
371 2528 428 2567 W,
454 2529 548 2560 domo
570 2528 610 2561 V.
642 2528 652 2571 Η
688 2530 951 2571 deprehenderet
968 2531 1005 2573 B,
1033 2533 1306 2574 depraehendens
1326 2532 1383 2573 W,
1409 2533 1592 2575 deprehen-

171 2572 251 2603 dant
269 2572 310 2604 V.
342 2573 356 2616 Η
388 2573 461 2605 isue
486 2574 531 2614 in]
557 2576 688 2618 scripsi,
714 2576 747 2607 in
773 2585 865 2617 quem
891 2575 979 2618 libri,
1004 2577 1098 2620 isque
1125 2579 1157 2610 in
1175 2576 1362 2620 Sehzlltt'ng.
1396 2579 1409 2619 Η
1442 2589 1478 2611 ea
1499 2579 1592 2612 VW.

175 2615 185 2658 Η
230 2618 267 2648 18
294 2628 390 2650 socer
410 2619 465 2651 W.
507 2618 518 2662 Η
561 2625 598 2652 ut
628 2621 681 2652 his
707 2620 746 2661 B,
780 2624 819 2652 ad
848 2622 901 2654 his
922 2622 965 2663 V,
997 2624 1035 2655 ad
1061 2624 1121 2655 hos
1148 2623 1204 2656 JV.
1249 2622 1260 2665 Η
1303 2624 1388 2664 eum]
1415 2624 1593 2673 Pitlzpeus,

172 2672 243 2693 cum
273 2662 359 2695 libri.
399 2664 412 2704 Η
456 2665 495 2696 19
522 2666 623 2697 filiam
653 2667 685 2698 in
713 2667 899 2699 continenti
925 2679 993 2700 occ.
1020 2669 1052 2700 in
1080 2669 1132 2701 sui
1159 2669 1240 2700 iuris
1267 2671 1389 2709 autem]
1414 2672 1544 2713 scripsi,
1570 2670 1591 2703 f.

172 2707 204 2739 in
233 2709 416 2742 continenti
442 2710 541 2750 (-tem
561 2711 626 2752 W)
654 2722 722 2744 occ.
750 2712 878 2745 inuidia
903 2718 1012 2746 autem
1030 2713 1118 2756 BW,
1144 2725 1207 2746 om.
1236 2713 1278 2747 V.
