1823 3016
624 178 1068 218 ——129—

140 309 267 348 neque
298 295 526 335 crediderim
560 303 757 335 auctorem
796 295 843 334 ab
875 308 918 334 eo
950 295 1189 334 discessisse.
1249 302 1456 347 propterea
1487 310 1563 336 nu-

140 365 270 392 meros
308 353 421 392 hodie
456 360 634 405 receptos
669 366 748 392 non
787 352 936 392 mutaui
972 353 1017 391 ad
1051 352 1359 400 Hincmarianos,
1393 354 1459 392 sed
1492 355 1564 393 sub

140 410 250 460 signo
281 409 541 449 insiticiorum
574 410 729 449 retinui.

252 468 460 505 Auctorem
485 474 644 519 apparet
676 474 883 506 executum
915 479 1012 514 esse,
1045 466 1148 517 quod
1182 466 1403 517 significant
1433 473 1471 505 et
1501 468 1563 506 alii

139 523 348 563 Christiani
385 525 595 575 scriptores
627 530 666 563 et
696 524 958 563 Tertullianus
991 524 1120 562 uerbis
1152 523 1212 562 his
1245 524 1308 569 (de
1339 524 1439 575 apol.
1472 525 1562 575 45):

139 583 264 619 sciatis
300 583 399 632 ipsas
435 582 528 633 leyes
557 589 705 621 uestras
734 594 828 633 qnae
849 580 1030 620 uidentur
1053 580 1100 619 od
1120 583 1375 619 innocentiam
1395 594 1562 633 pergere,

140 638 185 676 de
217 638 349 677 diuina
381 638 459 688 leye
488 645 531 677 ut
561 641 771 690 antiquiore
800 639 931 689 forma
960 644 1153 677 mutuatas
1183 649 1270 683 esse,
1309 649 1436 688 neque
1468 638 1564 677 sub-

137 693 238 732 stitit
260 695 297 732 in
320 695 378 742 iis,
402 708 499 746 quae
521 696 566 733 ad
588 708 660 734 nos
681 701 961 747 peruenerunt,
994 694 1060 733 sed
1084 701 1208 733 totum
1233 694 1293 733 ius
1315 695 1561 746 complexum

137 763 227 789 eum
266 764 351 790 esse
389 752 601 791 uerisimile
641 759 713 799 est,
760 764 847 790 cum
886 751 1089 803 inscriptio
1121 751 1298 790 codicum
1332 758 1410 790 tam
1444 752 1563 791 Hinc-

138 808 300 847 mariani
338 821 453 860 quam
489 809 801 848 Vindobonensis
839 809 1019 848 ostendat
1053 808 1225 860 primum
1258 808 1401 847 librum
1436 809 1561 848 solum

136 877 208 903 nos
241 866 382 905 habere
414 878 582 917 eumque
614 868 778 905 fortasse
810 872 848 905 et
869 866 997 917 ipsum
1019 865 1310 917 imperfectum.
1372 865 1564 918 disposuit

136 922 280 961 librum
313 923 543 974 compilator
573 922 638 968 ita,
671 930 715 961 ut
745 923 933 974 inciperet
963 935 981 961 a
1015 922 1175 969 delictis,
1214 935 1311 973 quae
1343 935 1431 974 pars
1462 923 1564 962 inte-

137 991 203 1030 gra
235 986 426 1031 superest,
459 986 689 1030 sequeretur
719 979 780 1018 ius
812 979 1023 1031 priuatum.
1084 980 1123 1018 in
1155 979 1303 1018 delictis
1336 980 1562 1019 ordinandis

136 1043 283 1083 auctor,
317 1044 360 1075 ut
389 1036 487 1075 bene
519 1036 779 1075 obseruarunt
802 1036 946 1074 Sachse
978 1036 1080 1087 apud
1112 1037 1155 1074 A.
1178 1036 1224 1074 de
1246 1035 1399 1075 Daniels
1421 1036 1562 1076 Hand-

137 1093 229 1132 bnch
262 1094 329 1132 der
359 1093 557 1132 deutschen
577 1092 730 1132 Reichs-
763 1093 845 1132 und
865 1092 1383 1144 Staatenrechtsqeschz'chtel
1415 1093 1561 1144 (1859)

134 1163 172 1201 p.
198 1149 280 1189 219
312 1155 351 1188 et
381 1149 573 1188 Conratus
598 1149 806 1189 Geschz'chte
838 1150 905 1189 der
929 1148 1088 1195 Quellen
1120 1150 1181 1188 cles
1200 1150 1412 1189 romischen
1431 1150 1563 1190 Rechts

134 1207 150 1245 I
172 1220 209 1259 p.
233 1206 299 1255 89,
322 1207 548 1257 decalogum
573 1206 798 1254 (Deuteron.
822 1207 859 1253 5,
885 1207 935 1244 17
959 1210 1055 1257 seq.)
1080 1205 1269 1252 adhibuit,
1294 1207 1439 1246 scilicet
1460 1207 1562 1246 tituli

133 1263 163 1302 Ι.
194 1264 251 1303 Ia.
280 1264 411 1302 11.111.
445 1263 747 1315 proficiscuntur
777 1276 797 1302 a
829 1270 1034 1315 praecepto
1066 1270 1205 1314 quarto
1237 1260 1288 1302 οὐ
1319 1263 1561 1315 φονεύσεις,

135 1320 238 1360 tituli
262 1321 324 1360 IV.
353 1321 396 1359 V.
419 1321 480 1359 VI.
513 1333 533 1359 a
564 1327 750 1372 sequente
783 1317 832 1360 οὗ
863 1317 1122 1373 μοιχεύσεις,
1155 1320 1292 1359 titulus
1324 1320 1389 1359 Vll
1420 1321 1563 1373 pendet

133 1390 154 1416 a
193 1379 275 1428 lege
315 1375 364 1417 οὐ
401 1376 592 1431 κλέψεις,
625 1378 720 1417 VIlI.
752 1377 805 1416 lX
841 1391 861 1416 a
901 1378 983 1428 lege
1023 1373 1073 1417 οὗ
1115 1375 1561 1430 ψευδομαρτυρήσεις,

133 1434 323 1474 X—XVa
345 1442 564 1487 praecepte,
596 1447 644 1474 ne
670 1447 803 1474 rerum
826 1435 1037 1474 alienarum
1062 1447 1132 1486 per
1151 1435 1327 1473 fraudem
1351 1435 1560 1486 potiamur.

134 1504 182 1530 ex
218 1492 304 1531 iure
339 1492 493 1544 priuato
532 1491 579 1530 ad
616 1504 690 1531 nos
721 1504 800 1530 non
832 1491 1013 1543 peruenit
1042 1491 1117 1530 nisi
1150 1491 1300 1543 primus
1339 1492 1477 1531 titulus
1515 1492 1561 1531 de

133 1561 174 1587 re
213 1549 458 1588 hereditaria.
518 1554 716 1588 auctorem
756 1556 798 1588 ut
834 1548 932 1587 iuris
968 1548 1139 1600 peritum
1176 1548 1297 1587 fuisse
1329 1549 1561 1588 collectanea

134 1612 342 1653 testantur,
389 1606 441 1645 ita
487 1605 717 1645 condicione
759 1605 1064 1644 ecclesiasticum
1112 1611 1151 1644 et
1195 1605 1339 1657 ipsum,
1385 1619 1474 1645 cum
1521 1606 1560 1644 in

133 1664 291 1702 exordio
339 1662 442 1702 tituli
488 1663 644 1714 septimi
688 1663 852 1702 lectores
890 1662 1098 1714 compellet
1136 1662 1267 1701 uerbis
1306 1666 1432 1702 scitote
1466 1666 1562 1702 iuris

133 1720 305 1760 consulti.
357 1721 403 1759 ad
435 1720 509 1759 fori
543 1732 657 1759 usum
690 1732 780 1758 eum
813 1719 1015 1771 scripsisse
1047 1721 1207 1759 fuerunt
1228 1720 1293 1770 qui
1316 1720 1561 1768 conicerent3

133 1777 229 1816 mihi
247 1777 401 1816 uidetur
417 1776 455 1815 id
473 1789 597 1815 unum
610 1783 768 1816 secutus
781 1789 877 1824 esse,
897 1776 999 1828 quod
1018 1789 1134 1828 supra
1151 1777 1276 1829 posui,
1295 1789 1421 1828 neque
1436 1777 1556 1816 ullum

131 1834 316 1873 indicium
342 1834 592 1886 deprehendi,
615 1847 692 1885 quo
715 1833 954 1885 significetur
970 1833 1204 1873 iudiciorum
1229 1846 1343 1873 causa
1366 1834 1451 1873 siue
1474 1847 1559 1873 sae-

131 1891 322 1930 cularium
353 1891 435 1930 siue
458 1891 806 1930 ecclesiasticorum
837 1891 931 1930 haec
953 1890 1186 1930 collectanea
1215 1891 1431 1943 composita
1461 1904 1557 1930 esse.

244 1949 454 1987 Auctorem
496 1948 584 1986 libri
624 1948 757 2000 scripti
794 1961 892 1999 quos
932 1948 1120 1988 habemus
1162 1949 1314 1988 nullum
1354 1948 1560 1987 enuntiant

130 2017 255 2056 neque
299 2004 480 2044 credibile
516 2005 709 2044 Tilianum
743 2005 880 2044 Licinii
918 2004 1049 2045 Rufini
1088 2019 1233 2045 nomen
1271 2005 1556 2058 praescriptum

129 2062 311 2101 habuisse
344 2062 450 2113 (uide
481 2074 597 2114 supra
620 2075 657 2114 p.
683 2062 793 2113 113).
845 2075 917 2101 nec
949 2062 1072 2113 magis
1104 2064 1262 2102 firmum
1297 2069 1357 2102 est
1379 2063 1558 2102 testimo-

128 2119 252 2163 nium,
285 2132 362 2171 quo
400 2119 570 2171 syllogen
608 2119 708 2158 hanc
744 2119 791 2158 ad
822 2120 1073 2160 Ambrosium
1113 2121 1340 2172 episcopum
1374 2119 1559 2159 Mediola-

130 2188 289 2215 nensem
330 2189 514 2215 reuocare
550 2176 759 2228 temptauit
793 2176 1076 2228 Rudorffius1).
1137 2177 1284 2217 scilicet
1314 2177 1559 2216 Ebed-Ieshu

129 2233 375 2285 metropolita
407 2233 728 2272 Nestorianorum
761 2233 1003 2273 Nisibitanus
1024 2234 1280 2274 Armeniacus
1313 2241 1492 2273 mortuus
1524 2247 1556 2272 a.

130 2289 237 2330 1318
268 2290 307 2329 in
339 2290 565 2329 collectione
595 2302 789 2329 canonum
823 2291 1097 2343 synodicorum
1110 2291 1142 2340 2)
1176 2298 1221 2331 ut
1247 2291 1489 2330 demonstret
1512 2291 1557 2329 de

219 2387 245 2428 1)
274 2387 313 2420 L.
331 2398 358 2420 c.
377 2398 406 2430 p.
426 2388 491 2420 276
506 2398 574 2430 seq.
601 2388 763 2420 adsensus
787 2393 838 2421 est
856 2390 909 2421 uel
929 2395 1022 2422 certe
1042 2401 1105 2421 non
1124 2390 1285 2422 dissensit
1302 2390 1557 2422 Maximilianus

125 2432 193 2465 Ihm
229 2434 263 2466 in
301 2434 423 2465 studiis
455 2434 688 2466 Ambrosianis
722 2435 844 2474 (annal.
876 2434 1088 2468 Fleckeisen.
1120 2436 1227 2478 suppl.
1260 2436 1328 2467 uol.
1363 2436 1414 2473 17)
1448 2446 1475 2477 p.
1503 2435 1556 2467 68.

126 2483 220 2511 recte
255 2479 416 2511 obseruat
447 2479 486 2511 ab
513 2479 692 2511 Ambrosio
722 2485 897 2512 auctorum
924 2480 1131 2513 Graecorum
1159 2480 1448 2523 Romanorumque
1474 2480 1556 2512 bene

126 2524 215 2556 dicta
242 2524 290 2556 ita
316 2525 444 2565 afferri,
470 2529 506 2556 ut
532 2526 646 2557 eadem
663 2525 764 2557 addat
780 2526 885 2558 multo
902 2527 1024 2559 melius
1046 2533 1080 2560 et
1096 2527 1201 2559 multo
1220 2532 1298 2558 ante
1316 2537 1334 2558 a
1352 2526 1557 2569 patriarchis

126 2570 365 2613 prophetisque
397 2571 528 2603 ueteris
561 2571 756 2602 testamenti
789 2572 879 2604 dicta
910 2582 995 2613 esse,
1030 2574 1088 2605 sed
1118 2573 1152 2605 id
1179 2583 1292 2615 parum
1318 2572 1456 2614 probat3
1483 2582 1556 2603 nam

126 2625 163 2692 fa
204 2616 409 2658 comparatio
448 2617 532 2659 apud
569 2616 826 2649 ecclesiasticos
857 2618 1046 2660 scriptores
1078 2630 1096 2651 a
1128 2617 1344 2651 Tertulliano
1377 2617 1453 2650 inde
1487 2622 1556 2650 tra-

140 2661 242 2693 aticia
275 2666 338 2694 est.

216 2706 244 2747 2)
268 2706 387 2739 Edidit
410 2707 464 2739 Al.
496 2707 674 2739 Asseinani
706 2707 792 2750 apud
817 2707 941 2741 Maium
969 2710 1087 2753 script.
1117 2714 1186 2741 uet.
1214 2719 1289 2741 nou.
1316 2709 1394 2741 coll.
1420 2699 1556 2740 u01.'10

125 2751 261 2794 (1838);
287 2753 374 2784 hunc
397 2753 507 2785 locum
534 2754 592 2794 (ibi
612 2764 641 2796 p.
662 2754 717 2793 54)
743 2754 850 2786 uertit
868 2754 1036 2798 Roediger
1061 2756 1146 2798 apud
1164 2755 1372 2787 Rudorffium
1397 2759 1555 2787 accurate

196 2807 341 2835 Collectio
356 2808 408 2835 111.
1318 2813 1337 2847 9

384 2358 504 2365 Wsaess
507 2358 585 2365 ,natm
588 2358 650 2365 «ww
653 2358 700 2365 ‚nns-
864 2359 959 2366 ΛΛΝν-,κ
1452 2360 1549 2367 «Nm
