1828 3011
202 146 393 173 oonLA'no
417 136 470 180 14,
490 136 601 178 3-15,
621 148 646 172 1.
871 136 952 177 184
1013 160 1129 164 --

202 255 374 294 eiusdem
397 254 490 305 legis
511 267 634 306 poena
656 253 883 304 iniungitur.
934 253 966 291 si
998 264 1135 291 seruus
1166 252 1253 304 quis
1275 253 1419 292 sciente
1451 254 1609 292 domino

202 311 346 358 fecerit,
369 311 549 349 dominus
571 311 654 349 eius
676 309 861 349 sestertiis
883 309 1161 359 quinquaginta
1192 308 1347 348 milibus
1379 310 1512 348 eodem
1546 322 1610 348 ca-

62 365 279 420 14›3‚⁵pite
310 367 482 419 punitur.
535 367 707 406 eiusdem
730 366 822 416 legis
845 365 968 416 capite
999 365 1169 403 secundo
1191 370 1356 412 tenetur,
1388 365 1455 417 qui
1486 366 1609 404 alieno

201 437 314 463 seruo
346 424 591 475 persuaserit,
632 429 675 461 ut
711 422 914 461 dominum
946 422 1066 471 fugiat
1097 421 1213 471 quiue
1250 421 1418 461 alienum
1449 434 1610 461 seruum

202 481 326 520 inuito
359 481 515 519 domino
547 479 730 518 celauerit
761 478 981 516 uendiderit
1002 478 1139 516 emerit
1161 477 1246 516 dolo
1279 479 1391 524 malo,
1422 479 1539 530 quiue
1570 479 1610 517 in
1636 481 1656 515 5

201 550 244 576 ea
274 550 315 576 re
347 537 474 576 socius
506 536 639 574 fuerit:
680 535 913 585 iubeturque
951 534 1094 585 populo
1125 534 1302 574 sestertia
1333 535 1611 586 quinquaginta

202 594 303 632 milia
336 594 436 632 dare.
497 598 535 630 et
566 592 726 642 reliqua.

165 659 180 683 6
316 649 524 689 Sciendum
564 655 692 687 tamen
724 653 783 686 est
813 659 860 685 ex
890 646 1053 685 nouellis
1085 646 1430 685 constitutionibus
1461 647 1612 698 capitali

313 705 505 744 sententia
534 705 762 756 plagiatores
793 715 863 754 pro
894 703 1092 742 atrocitate
1123 703 1213 741 facti
1242 703 1479 754 puniendos:
1515 716 1613 754 qua-

314 762 415 801 muis
452 767 490 800 et
520 761 663 800 Paulus
704 760 833 799 relatis
865 772 981 811 supra
1013 759 1214 810 speciebus
1246 759 1370 799 crucis
1401 765 1439 799 et
1470 760 1613 800 metalli
1642 762 1682 796 10

312 817 536 857 huiusmodi
567 817 643 856 reis
674 816 914 868 inrogauerit
944 828 1123 868 poenam.

748 1011 957 1056 <TITVLVS
982 1012 1067 1055 XV>

64 1078 269 1126 15,1‚1DE
301 1077 759 1125 MATHEMATOEIS,
800 1076 1108 1116 MALEFICIS
1148 1076 1216 1115 ET
1247 1075 1613 1116 MANICHAEIS.

259 1159 399 1186 morsus
431 1147 538 1186 dicit:

313 1203 398 1242 Non
429 1203 652 1242 inueniatur
682 1202 722 1241 in
756 1209 793 1242 te
823 1201 891 1253 qui
920 1202 1058 1240 lustret
1094 1201 1217 1240 filium
1250 1207 1362 1240 tuum
1399 1207 1465 1240 aut
1496 1201 1614 1239 filiam
1644 1201 1684 1236 15

204 1266 328 1307 tuam,
367 1273 438 1299 nec
475 1260 632 1298 diuinus
669 1260 769 1310 apud
806 1271 922 1310 quem
961 1264 1083 1297 sortes
1122 1258 1250 1297 tollas:
1290 1270 1361 1297 nec
1397 1257 1615 1296 consentias

292 1382 319 1402 c.
349 1372 377 1411 1,
406 1369 793 1403 1—51Deuteronom.
824 1368 881 1400 18:
911 1368 991 1407 (10)
1015 1363 1081 1409 οὐχ
1106 1361 1338 1422 εὑρεθήσεται
1369 1365 1406 1399 ἐν
1435 1368 1493 1399 σοὶ
1515 1377 1616 1417 περι-

200 1417 390 1460 καθαίρων
417 1413 482 1448 τὸν
506 1412 586 1446 υἱὸν
612 1410 725 1446 αὐτοῦ
747 1414 807 1445 καὶ
830 1410 892 1454 τὴν
917 1413 1095 1463 θυγατέρα
1120 1411 1231 1444 αὐτοῦ
1255 1411 1293 1445 ἓν
1316 1414 1414 1454 πυρί,
1443 1406 1618 1463 μαντευό-

198 1472 306 1503 μενος
321 1461 494 1504 μαντείαν
518 1460 575 1498 (—
593 1469 651 1490 nec
677 1459 838 1499 diuinus),
864 1452 1161 1501 κληδονιζόμενος
1184 1458 1362 1508 (interpres
1379 1457 1418 1489 de
1433 1452 1548 1502 κλήρῳ
1566 1467 1618 1489 co—

198 1508 317 1548 gitans
349 1507 466 1537 uertit:
498 1505 583 1546 apud
616 1515 710 1546 quem
743 1509 854 1536 sortes
890 1503 1009 1543 tollas)
1041 1504 1100 1534 καὶ
1131 1497 1392 1545 οἰωνιζόμενος,
1424 1498 1619 1553 φαρμακός

201 1555 258 1589 (—
282 1561 341 1583 nec
374 1550 565 1582 consentias
597 1550 789 1582 uenenariis
822 1548 1082 1590 inpostoribus),
1120 1549 1193 1587 (11)
1225 1546 1403 1580 ἐπαείδων
1432 1543 1621 1589 ἐπαοιδήν,

199 1597 490 1641 ἐγγαστρίμυ9ος
519 1596 577 1633 (=
592 1595 647 1637 qui
679 1595 797 1627 dicunt
827 1595 904 1636 quid
931 1599 1126 1647 conceptum
1151 1593 1271 1625 habeat
1296 1593 1429 1634 mulier,
1466 1594 1621 1636 quoniam
1820 1597 1828 1660 Η

201 1642 332 1674 fabulae
359 1641 570 1674 seductoriae
597 1642 689 1691 sunt)
721 1641 781 1672 καὶ
809 1636 1076 1691 τερατοσκόπος
1100 1640 1157 1679 (-
1176 1649 1235 1671 nec
1261 1639 1415 1670 intendas
1441 1639 1621 1680 prodigia),
1820 1658 1828 1698 Η

1825 1770 1828 1793 i

198 1687 389 1730 ἐπερωτῶν
412 1683 493 1721 τοὺς
518 1680 679 1729 νεκοούς·
716 1686 789 1725 (12)
815 1684 887 1718 ἔστι
918 1681 986 1728 γὰρ
1015 1683 1196 1735 βδέλυγμα
1226 1686 1337 1734 κυρίῳ
1368 1685 1417 1736 τῷ
1448 1684 1523 1727 θεῷ
1553 1681 1620 1716 σοὺ

200 1734 273 1768 πᾶς
297 1733 413 1764 ποιῶν
437 1731 563 1764 ταῦτα·
594 1729 711 1765 ἕνεκεν
720 1728 806 1785 γὰρ
830 1730 900 1762 τῶν
923 1724 1176 1773 βδελυγμάτων
1199 1723 1330 1762 τούτων
1353 1724 1474 1773 κύριος
1506 1728 1621 1767 ἐζολο·

200 1774 345 1830 ’ὶρεύσει
363 1776 492 1813 αὐτοὺς
509 1773 583 1809 ἀπὸ
599 1774 804 1830 πρυσωπου
821 1784 895 1808 σου.
925 1775 998 1815 (13)
1016 1776 1069 1808 τέ)
1076 1786 1145 1811 ειος
1161 1774 1222 1821 ε’σῃ
1241 1773 1404 1807 ἐναντίον
1420 1776 1543 1828 vatqv
1559 1776 1622 1807 τοῦ
1813 1728 1819 1828 Η

201 1823 290 1855 ζΙεοῦ
321 1832 405 1855 σου·
443 1823 515 1863 (14)
539 1821 582 1854 τὰ
614 1819 684 1866 γὰρ
710 1821 797 1863 ἔθνη
830 1820 939 1852 ταῦτα
971 1816 1034 1856 οὓς
1067 1818 1110 1853 σὺ
1137 1811 1456 1863 κατακληρονομεις
1480 1818 1621 1860 αὐτούς,

201 1866 297 1901 οὑτοι
321 1866 504 1910 κληδόνων
528 1868 589 1900 καὶ
611 1867 794 1911 μαντειῶν
812 1862 1040 1899 ακούσονται.
1082 1866 1188 1910 Apud
1203 1865 1445 1908 Hieronymum
1470 1865 1549 1898 haec
1573 1867 1622 1898 ita
1813 1830 1824 2218 Η

210 1958 284 1965 „Qv-

376 1958 411 1965 Ἣ
420 1958 441 1962 γ-.
449 1957 537 1962 mad

920 1956 964 1963 »κ

296 2026 306 2055 1
332 2025 446 2065 poena]
462 2033 599 2065 poenam
614 2021 711 2063 BW3
726 2021 812 2065 quod
822 2022 1009 2054 Hztsclzlfius
1022 2023 1176 2064 requirit,
1193 2024 1230 2053 ut
1242 2021 1413 2053 adiciatur
1427 2023 1621 2053 sestertium

203 2068 225 2099 C
243 2068 372 2100 milium
397 2068 453 2100 uel
475 2079 558 2110 qaae
582 2068 650 2099 alia
672 2078 776 2110 poena
801 2069 996 2099 nummaria
1022 2069 1131 2110 capite
1152 2068 1263 2110 primo
1289 2069 1421 2098 statuta
1439 2067 1513 2109 fuit
1529 2068 1621 2098 nolus

201 2123 264 2145 non
282 2113 419 2152 t1·ade'‚ta
437 2115 550 2155 mag-ts
569 2113 767 2145 crediderim
784 2113 933 2145 consulto
949 2112 985 2144 V
983 2112 1134 2153 lpeanmn
1152 2113 1315 2152 omisisse,
1336 2122 1411 2144 cam
1424 2113 1493 2144 iam
1506 2122 1544 2143 ea
1557 2123 1621 2143 non

201 2159 380 2191 obtineret.-
409 2169 490 2190 sune
515 2160 549 2189 in
572 2158 669 2201 plag
656 2169 686 2190 zo
711 2160 891 2190 commisso
910 2168 930 2188 α
947 2169 1048 2190 seruo
1067 2160 1189 2189 sciente
1205 2157 1339 2189 domino
1355 2156 1440 2198 quod
1455 2156 1621 2199 leianus

201 2203 376 2235 dominum
405 2206 454 2235 ait
483 2203 669 2236 secundum
700 2204 803 2245 Iegem
836 2205 954 2246 puniri
981 2213 1087 2246 poena
1115 2213 1319 2242 ηιι1η111αν1ιι,
1349 2202 1478 2234 Paulus
1502 2203 1621 2245 (supra

202 2260 226 2281 c.
248 2250 277 2281 2.
303 2251 337 2289 3)
377 2251 475 2291 quasi
514 2251 586 2289 ipse
625 2250 774 2288 fecisset,
814 2248 853 2280 de
891 2260 929 2280 ea
969 2259 1005 2281 re
1043 2251 1199 2280 auctores
1238 2247 1385 2280 dicemus
1423 2246 1620 2278 dissensisse

201 2294 211 2337 Η
262 2295 457 2335 ingungitur
484 2293 540 2326 W.
583 2294 593 2337 Η
635 2295 718 2335 quis]
749 2295 867 2334 Pactu),
907 2295 962 2336 qui
994 2293 1078 2333 labri,
1116 2294 1198 2326 delet
1234 2293 1400 2325 Cucacz'us.
1448 2292 1458 2334 Η
1500 2294 1518 2323 2
1545 2303 1622 2324 sex—

201 2340 316 2372 tertiis
342 2339 381 2379 B,
410 2350 468 2371 rex
495 2341 600 2372 certis
621 2338 679 2380 W,
704 2340 898 2371 sestertium
926 2339 1113 2372 Husclzlcius
1138 2341 1301 2382 imperite.
1345 2337 1354 2380 Η
1398 2337 1562 2369 militibus
1582 2337 1620 2369 B.

204 2432 259 2472 qui
285 2434 398 2474 (caput
422 2432 593 2473 incipiens)
613 2429 668 2462 W.
712 2428 722 2472 Η
764 2431 783 2462 4
810 2431 987 2469 dominum]
1013 2441 1032 2462 a
1058 2431 1086 2462 d.
1108 2428 1165 2462 W.
1208 2429 1218 2472 Η
1253 2438 1351 2460 seruo
1372 2428 1415 2460 Γ
1451 2426 1461 2470 Η
1495 2429 1513 2459 5
1539 2438 1621 2460 uen—

203 2476 352 2508 didedrit
369 2475 429 2507 Ba.
484 2476 494 2519 Η
547 2476 566 2507 6
596 2476 715 2518 populo
751 2476 917 2507 sextertia
937 2475 993 2516 ΙΙΓ,
1032 2476 1171 2518 populos
1201 2474 1357 2516 (populus
1375 2472 1417 2514 Β)
1444 2473 1621 2505 extertiam

204 2520 279 2554 BV.
323 2520 333 2563 Η
377 2523 394 2553 7
426 2523 498 2553 dari
518 2520 574 2553 W
619 2519 630 2563 Η
672 2527 723 2553 est
753 2526 859 2552 tamen
882 2520 937 2554 W.
980 2502 993 2563 Η
1033 2522 1062 2552 8·
1077 2520 1236 2562 capitulis
1253 2518 1328 2551 ΒΓ
1370 2519 1383 2558 Η
1423 2519 1623 2551 sententiam

204 2566 491 2608 1›laciatores,lV.
541 2566 552 2609 Η
599 2567 812 2598 atrocitatem
839 2565 931 2599 ΙΓΙΙΓ.
976 2565 986 2609 Η
1028 2567 1047 2599 9
1081 2566 1309 2619 punirzend(
1326 2564 1538 2606 puniendum)
1565 2562 1622 2596 W.

206 2610 216 2653 Η
265 2613 303 2642 10
331 2613 474 2651 metalli]
500 2623 539 2644 m.
562 2622 700 2654 poenam
717 2613 802 2644 libre.
838 2612 847 2655 Η
883 2613 963 2651 reis]
982 2611 1088 2651 eisB,
1114 2611 1165 2642 rei
1186 2608 1263 2642 Wa.
1297 2608 1307 2651 Η
1341 2608 1569 2650 inrogauitB.
1612 2607 1623 2651 Η

207 2658 246 2688 14
272 2657 466 2690 inuenietur
497 2657 720 2690 scribendum.
765 2656 775 2699 Η
817 2657 849 2689 in
876 2662 909 2689 te
935 2668 999 2690 om.
1026 2655 1081 2689 W.
1128 2655 1138 2698 Η
1181 2655 1220 2687 15
1247 2664 1286 2686 ne
1315 2653 1370 2686 ΙΙ.
1412 2653 1422 2696 Η
1465 2653 1621 2687 tollatB.

206 2384 217 2427 Η
250 2387 267 2417 3
294 2387 452 2427 punietur
478 2385 565 2417 libri.
594 2384 603 2428 Η
637 2385 745 2427 capite
765 2386 943 2416 secundum
962 2384 1000 2424 B,
1027 2385 1171 2417 secundo
1190 2384 1297 2426 capite
1317 2381 1373 2416 W.
1403 2381 1413 2425 Η
1445 2383 1512 2423 qui]
1535 2383 1620 2414 idem
1814 2338 1817 2388 i

209 2702 219 2744 Η
265 2703 451 2735 consentiat
470 2702 509 2735 B.
