1855 2957
83 565 128 602 83

81 1404 126 1437 84

156 167 318 195 FRVCTV.
657 175 773 179 -—-
836 157 890 197 43
953 176 1069 180 —
1271 169 1357 196 VAT.
1376 169 1433 195 PR.
1454 172 1567 195 82—84.

157 276 243 314 uola
275 281 402 314 notat:
436 275 540 326 ‘quid
573 276 604 314 si
636 272 782 327 pure?’
815 274 880 314 sed
913 275 1090 314 dubitare
1121 288 1199 314 non
1231 276 1374 320 debuit,
1407 290 1493 315 cum
1528 284 1566 317 et

155 332 328 371 Iulianus
373 332 517 371 scribat
547 344 592 370 ex
623 344 788 384 persona
821 331 924 371 serui
955 332 1154 371 constitui.
1215 333 1428 371 secundum
1469 346 1565 384 quae

154 389 215 428 ius
246 389 492 427 adcrescendi
523 389 649 427 locum
683 389 865 428 haberetl
897 389 935 426 in
964 389 1116 428 duobus
1139 389 1276 435 seruis,
1309 389 1341 427 si
1363 389 1450 440 quis
1472 402 1566 428 con—

155 445 312 484 trariam
361 445 593 485 sententiam
641 445 833 497 probaret.
895 445 961 483 sed
1007 458 1129 492 nunc,
1177 446 1392 484 secundum
1431 446 1568 485 Iuliani

157 502 389 541 sententiam
423 508 461 541 et
491 502 633 548 Nerati,
666 508 792 541 cessat
821 502 1008 553 quaestio.

155 558 239 597 Non
287 560 411 598 solum
459 565 587 598 autem
636 559 668 598 si
705 559 859 598 duobus
901 559 948 597 do
984 559 1067 609 lego
1100 571 1193 597 usus
1224 558 1377 597 fructus
1408 558 1569 609 legetur,

153 615 247 654 erit2
282 616 341 654 ius
373 615 633 660 adcrescendi‚
666 628 803 654 uerum
837 615 895 654 et³
926 615 959 654 si
989 615 1099 655 alteri
1132 628 1225 654 usus
1256 617 1427 659 fructus,
1460 615 1569 654 alteri

153 672 417 724 proprietas43
462 685 551 711 nam
600 672 801 711 amittente
848 685 962 711 usum
1002 675 1173 711 fructum
1212 672 1349 718 altero,
1396 673 1457 710 cui
1488 679 1571 711 erat

151 729 315 780 legatus,
346 729 468 780 magis
499 730 583 768 iure
614 729 861 768 adcrescendi
883 729 928 768 ad
950 729 1116 768 alterum
1138 728 1307 781 pertinet
1330 741 1444 780 quarn
1470 728 1571 767 redit

152 787 198 825 ad
244 786 536 837 proprietatem.
597 798 668 825 nec
713 798 883 832 nouum,
922 810 964 826 Ν
1003 798 1093 825 nam
1140 792 1177 824 et
1217 786 1249 824 si
1289 785 1442 824 duobus
1475 798 1569 824 usus

151 844 302 882 fructus
340 843 490 893 legetur
527 849 565 881 et
604 843 705 894 apud
744 842 906 881 alterurn
941 843 990 881 sit
1019 842 1294 888 consolidatus,
1342 842 1402 881 ius
1434 842 1570 880 adcre-

152 900 283 939 scendi
315 912 394 938 non
425 899 526 951 perit
557 900 652 938 nec5
683 899 730 945 ei,
762 899 887 950 apud⁶
919 912 1035 950 quem
1058 899 1319 938 consolidatus
1342 906 1412 946 est,
1443 912 1569 950 neque

151 957 198 996 ab
228 969 286 1003 eo,
319 962 357 995 et
385 956 480 1008 ipse,
513 955 655 1007 quibus
687 955 814 994 modis
845 955 1063 995 amitteret⁷
1092 962 1181 994 ante
1210 956 1569 1002 consolidationem,

150 1013 289 1052 iisdem
339 1018 377 1052 et
427 1025 533 1051 nunc
576 1012 661 1064 ipso
700 1012 857 1063 quidem
896 1012 980 1051 iure
1011 1024 1088 1050 non
1121 1012 1285 1058 amittet,
1318 1012 1383 1051 sed
1415 1018 1570 1064 praetor

150 1069 337 1109 secutus8
385 1069 606 1121 exemplum
651 1069 747 1108 iuris
780 1068 904 1108 ciuilis
936 1068 1070 1107 utilem
1103 1069 1295 1108 actionem
1328 1069 1433 1107 dabit
1463 1070 1570 1108 fruc-

152 1126 302 1173 tuari03
335 1133 370 1165 et
402 1126 479 1165 ita⁹
510 1125 668 1165 Neratio
699 1132 738 1164 et
767 1126 939 1164 Aristoni
972 1125 1129 1164 uidetur
1159 1132 1197 1164 et
1218 1125 1456 1177 Pomponius
1478 1138 1570 1176 pro-

152 1183 230 1222 bat.
305 1195 542 1234 quamquam
589 1182 762 1221 lulianus
808 1183 906 1221 libro
951 1182 1090 1221 XXXV
1141 1182 1379 1233 digestorum
1428 1182 1571 1221 scribat

151 1240 226 1292 ipsi
271 1240 428 1291 quidem
466 1239 527 1278 ius
568 1239 816 1279 adcrescendi
858 1247 1079 1290 competere,
1124 1251 1202 1278 non
1232 1251 1323 1279 uero
1352 1240 1570 1290 fructuario

287 1297 317 1318 io

153 1298 198 1336 ab
231 1310 272 1337 3⁰
475 1351 609 1391 (desunt
630 1353 779 1394 paginae
803 1354 863 1383 aut
887 1350 974 1382 duae
997 1353 1057 1383 aut
1083 1351 1258 1393 quattuor)

154 1399 310 1438 difficile
340 1404 398 1437 est
428 1398 570 1437 dicere..
627 1410 864 1449 quamquam
896 1410 974 1436 non
1006 1399 1055 1436 sit
1085 1398 1210 1448 longe,
1242 1397 1344 1448 quod
1367 1397 1570 1436 Marcellus

151 1456 251 1495 libro
282 1455 375 1494 XIII
383 1456 414 1476 Π
438 1455 678 1506 digestorum
712 1455 858 1501 scribit,
891 1454 923 1493 si
946 1454 1099 1493 duobus
1120 1466 1217 1505 pure
1241 1454 1398 1493 Stichus
1421 1454 1571 1505 legetur

152 1519 191 1551 et
221 1513 317 1551 alter
349 1512 612 1558 manumittat,
644 1511 740 1550 alter
769 1518 858 1562 post
890 1511 1243 1550 manumissionem
1276 1511 1469 1562 repudiet,
1503 1510 1570 1549 ubi

151 1581 230 1608 non
275 1569 319 1608 fit
353 1569 563 1615 caducum,
609 1568 829 1607 libertatem
868 1568 995 1607 locum
1034 1568 1187 1606 habere.
1247 1567 1428 1618 idemque
1467 1573 1505 1606 et
1536 1567 1569 1606 si

151 1625 304 1665 heres¹²
323 1625 559 1665 deliberante
579 1625 761 1676 legatario
784 1625 1087 1670 manumittat1³‚
1110 1637 1202 1663 mox
1223 1624 1429 1675 legatarius
1451 1637 1568 1676 repu-

151 1682 327 1729 diauerit,
357 1695 447 1722 nam
481 1680 559 1722 et¹⁴
590 1682 664 1721 hoc
694 1694 785 1721 casu
816 1681 983 1720 liberum
1014 1683 1096 1720 fore
1127 1681 1244 1721 ait&

243 1815 269 1835 c.
297 1803 338 1835 83
363 1819 408 1829 =
432 1803 511 1845 Dig.
531 1804 561 1845 7,
581 1803 611 1844 2,
631 1803 661 1843 3,
681 1803 700 1834 2
723 1805 800 1846 post
824 1801 922 1835 modo
947 1802 1073 1834 relata:
1101 1813 1163 1834 non
1191 1802 1299 1833 solum
1325 1806 1435 1833 autem
1461 1802 1490 1833 si
1509 1801 1568 1832 du-

151 1849 233 1881 obus
259 1859 339 1881 usus
365 1847 496 1881 fructus
522 1849 657 1888 legetur
673 1867 716 1871 —-
734 1849 853 1880 iisdem
879 1853 914 1880 et
938 1859 1025 1880 nunc
1050 1849 1187 1880 amittet
1204 1852 1238 1880 et
1256 1848 1302 1879 ita
1321 1853 1353 1879 et
1370 1846 1509 1879 Neratio
1524 1865 1567 1869 ——

152 1894 284 1937 probat.

242 1952 270 1972 c.
297 1940 350 1972 84.
399 1940 447 1982 cf.
474 1939 624 1982 Μέγας),
645 1940 674 1980 1,
699 1939 753 1970 31.
794 1939 979 1971 Marcellus
1005 1939 1028 1970 l.
1047 1937 1125 1970 XIII
1149 1939 1365 1978 digestorum.
1408 1937 1443 1969 Si
1469 1938 1567 1970 miles

150 1986 243 2018 Titio
271 1990 305 2017 et
329 1985 406 2017 Seio
433 1995 567 2017 seruum
593 1985 760 2026 legauerit
785 1990 819 2016 et
845 1995 918 2016 eum
943 1984 1056 2016 Titius
1083 1984 1332 2015 manumisisset
1356 1983 1567 2015 deliberante

151 2032 227 2064 Seio
252 2041 393 2073 moxque
421 2031 449 2062 is
475 2031 622 2071 legatum
641 2030 821 2071 omisisset,
847 2030 1055 2061 liberandum
1073 2028 1146 2061 fore
1165 2030 1252 2069 dico,
1275 2029 1351 2071 quia
1370 2034 1404 2061 et
1421 2029 1450 2060 si
1469 2030 1568 2060 heres

152 2087 286 2108 seruum
312 2077 417 2108 alicui
442 2076 589 2116 legatum
614 2076 752 2107 interim
777 2076 1039 2116 manumisisset,
1072 2075 1190 2107 deinde
1217 2074 1403 2116 legatarius
1430 2075 1567 2116 repudi-

152 2127 254 2163 asset,
282 2122 370 2153 liber
395 2126 495 2154 esset.

242 2178 270 2199 c.
297 2167 340 2199 84
364 2170 454 2199 extr.
478 2181 523 2193 =
547 2166 626 2208 Dig.
645 2166 698 2207 40,
727 2166 755 2204 1,
781 2166 810 2197 2.
847 2165 925 2208 le.
953 2165 975 2197 l.
999 2164 1095 2198 XVII
1126 2166 1166 2198 ad
1192 2165 1268 2197 Sab.
1317 2165 1353 2197 Si
1383 2166 1482 2197 heres
1510 2167 1566 2196 de-

153 2213 319 2245 liberante
344 2213 509 2253 legatario
537 2222 672 2244 seruum
704 2211 852 2251 legatum
883 2211 1129 2252 manumiserit,
1154 2221 1229 2243 mox
1255 2211 1443 2251 legatarius
1467 2221 1566 2252 repu-

152 2259 310 2300 diauerit,
334 2259 572 2290 manumissum
598 2257 742 2289 liberum
767 2256 839 2289 fore
865 2258 986 2299 placet.

161 2367 571 2374 mmmmmwwrae⁴aem
1150 2364 1535 2373 «mm—xmmxx—„xfsfswxx
1543 2364 1551 2369 x

245 2460 258 2491 1
287 2458 410 2490 habere
435 2457 483 2498 V,
518 2469 581 2489 em.
608 2456 768 2489 Haubold.
795 2456 810 2501 ΙΙ
849 2457 867 2489 2
894 2462 945 2489 est
969 2457 1048 2499 Dig.
1083 2455 1098 2500 ΙΙ
1125 2457 1142 2488 3
1170 2462 1203 2488 et
1228 2456 1318 2499 Bz’gz,
1343 2466 1406 2488 om.
1433 2456 1474 2488 V.
1501 2454 1517 2499 ΙΙ
1546 2457 1567 2487 4

152 2504 253 2535 alteri
284 2503 405 2535 fundus
431 2504 563 2544 legatus
589 2508 642 2535 est
664 2503 743 2544 Big.
782 2501 797 2546 Η
838 2503 856 2534 5
883 2513 986 2545 neque
1014 2503 1089 2545 Εἶὲν.
1132 2500 1147 2545 Η
1181 2504 1199 2534 6
1227 2502 1311 2543 apud
1338 2501 1390 2533 Vt!
1409 2501 1499 2542 Dtgz,
1525 2502 1566 2533 ad

153 2548 225 2581 Vm.
252 2547 268 2592 ΙΙ
297 2551 314 2581 7
333 2549 507 2581 amitteret
524 2549 616 2591 Dig„
641 2548 795 2580 amittere
814 2548 858 2581 V.
891 2547 906 2591 Η
935 2551 953 2580 ὅ
972 2548 1170 2580 subsecutus
1191 2548 1253 2579 ΙΨ.
1280 2545 1295 2591 Η
1324 2550 1342 2578 9
1363 2552 1397 2578 et
1414 2549 1567 2578 inserunt

152 2593 230 2635 Dig.
270 2593 286 2638 ΙΙ
328 2596 366 2628 10
402 2595 573 2639 suppleuit
611 2593 764 2636 Hollweg,
800 2595 835 2625 in
870 2596 914 2625 iis
950 2605 1033 2636 quae
1067 2594 1289 2635 sequebantur
1323 2598 1566 2634 arg-amentum

152 2638 231 2682 Dig.
258 2641 288 2679 7,
315 2641 352 2680 2,
378 2641 397 2672 6
415 2643 558 2673 tractam
583 2641 788 2682 suspicatus.
841 2637 852 2681 Η
916 2641 950 2672 11
979 2640 1042 2670 xiii
1068 2638 1158 2681 Dign,
1195 2639 1245 2670 xii
1271 2638 1311 2670 V.
1361 2636 1375 2682 ΙΙ
1433 2638 1472 2669 12
1504 2638 1565 2669 hde

155 2684 217 2726 Vd,
241 2685 362 2717 herede
387 2686 458 2718 Vm,
490 2684 505 2729 Η
543 2687 581 2717 13
613 2684 868 2716 manumittatur
894 2684 947 2716 Vd
971 2684 1053 2725 (εἷθ’,
1079 2685 1292 2716 manumittat
1319 2683 1390 2716 Vm.
1420 2681 1436 2727 11
1466 2682 1504 2717 lsi
1532 2687 1566 2715 et

152 2729 227 2762 add.
254 2730 316 2773 Va,
341 2740 403 2763 om·
434 2730 506 2763 Vm.

1616 287 1700 314 VLP.
1722 289 1755 315 L.

1604 324 1697 351 xvn.
1719 325 1771 350 AD

1644 360 1727 387 SAR.
