1828 3011
121 782 180 812 24,

199 784 214 808 8

239 155 434 182 conclamo
455 145 487 185 6,
507 157 531 181 4.
721 168 838 173 ——
903 145 983 184 158
1045 166 1162 171 ———

239 276 348 303 arum
382 263 694 303 coniunctionem
728 267 936 307 sectantur,
959 272 1073 311 quam
1103 260 1217 299 etiam
1241 260 1311 306 his,
1335 260 1400 311 qui
1422 260 1511 298 inde
1532 259 1644 298 dein-

239 333 329 372 ceps
367 327 588 368 nascentur,
640 325 791 357 seruata
837 318 1020 367 religione
1051 316 1209 367 incipiat
1239 329 1323 355 esse
1354 317 1575 355 consultum
1607 321 1646 354 et

239 377 441 416 honestate
472 375 654 415 nascendi
685 375 798 413 etiam
831 373 1035 424 posteritas
1066 373 1149 424 ipsa
1173 379 1334 424 purgata
1358 373 1420 412 sit.
1470 373 1508 411 id
1540 372 1644 410 enim

238 433 372 485 pietati
412 439 569 471 nostrae
621 431 785 470 maxime
835 429 988 480 placuit,
1040 435 1082 468 ut
1133 435 1262 467 sancta
1312 429 1643 468 necessitudinum

238 490 396 528 nomina
428 489 628 540 optineant
658 487 758 538 apud
790 486 949 524 aflectus
981 498 1072 524 suos
1103 486 1205 537 piam
1238 497 1281 523 36
1311 485 1526 535 religiosam
1550 497 1644 523 con-

239 545 488 597 sanguinitati
525 544 692 583 debitam
725 543 936 581 caritatem.
997 542 1106 580 nefas
1153 542 1254 580 enim
1301 542 1456 580 credere
1500 547 1559 580 est.
1590 553 1644 587 ea,

238 615 336 653 quae
381 602 419 640 in
466 601 717 652 praeteritum
761 611 780 637 a
827 598 1081 649 conpluribus
1121 603 1273 636 constat
1310 610 1394 636 esse
1425 598 1645 643 commissa,

238 671 325 697 cum
358 659 549 709 pecudum
583 669 626 695 ac
669 656 839 694 ferarum
870 654 1092 706 promiscuo
1124 654 1200 693 ritu
1232 654 1277 692 ad
1308 653 1452 692 inlicita
1483 653 1646 692 conubia

238 715 427 753 instinctu
471 712 705 751 execrandae
750 711 918 750 libidinis
964 711 1046 750 sine
1093 711 1170 750 ullo
1207 717 1384 762 respectu
1414 710 1573 761 pudoris
1604 722 1647 748 ac

238 770 390 822 pietatis
443 769 648 808 inruerint.
715 769 781 807 sed
837 780 1104 818 quaecumque
1156 767 1318 806 antehac
1362 767 1424 805 uel
1468 766 1647 817 inperitia

238 826 546 877 delinquentium
595 825 656 864 nel
685 837 756 875 pro
787 824 1001 875 ignorantia
1033 824 1127 862 iuris
1158 823 1378 862 barbaricae
1407 822 1647 861 inmanitatis

236 884 313 922 ritu
359 896 404 921 ex
451 882 605 921 inlicitis
651 881 910 920 matrimoniis
956 881 1141 919 uidentur
1185 880 1366 925 admissa,
1411 890 1647 930 quamquam

238 946 370 978 essent
387 939 634 978 seuerissime
656 938 896 984 uindicanda,
921 944 1050 976 tamen
1073 936 1400 988 contemplatione
1421 935 1648 974 clementiae

236 1002 392 1035 nostrae
440 996 485 1034 ad
531 995 809 1045 indulgentiam
857 995 1040 1033 uolumus
1084 993 1289 1045 pertinere,
1336 993 1387 1031 ita
1426 999 1568 1037 tamen,
1606 997 1649 1030 ut

237 1053 474 1104 quicumque
533 1052 572 1090 in
618 1057 705 1090 ante
750 1058 879 1090 actum
925 1057 1080 1102 ternpus
1125 1050 1282 1089 inlicitis
1328 1049 1564 1099 incestisque
1608 1060 1649 1086 se

238 1109 498 1148 matrimoniis
548 1109 785 1160 polluerunt,
832 1108 1020 1146 hactenus
1067 1107 1225 1158 adeptos
1264 1119 1305 1145 56
1343 1118 1427 1144 6556
1472 1111 1648 1143 nostram

237 1166 516 1216 indulgentiam
550 1165 683 1211 sciant,
706 1171 749 1203 ut
777 1170 866 1216 post
887 1170 966 1203 tam
988 1163 1130 1202 nefaria
1155 1163 1324 1202 facinora
1348 1162 1467 1201 uitam
1490 1161 1647 1212 quidem

239 1223 310 1261 sibi
342 1222 585 1273 gratulentur
616 1234 699 1260 esse
732 1233 969 1267 concessam,
1016 1220 1141 1259 sciant
1187 1225 1314 1258 tamen
1346 1231 1423 1257 non
1456 1217 1649 1268 legitimos

238 1292 278 1318 se
310 1279 526 1330 suscepisse
552 1278 705 1325 liberos,
738 1290 835 1328 quos
858 1285 934 1316 tam
958 1277 1100 1315 nefaria
1124 1275 1396 1315 coniunctione
1418 1280 1648 1325 genuerunt.

236 1336 287 1374 ita
320 1335 420 1374 enirn
455 1336 532 1381 fiet,
579 1341 623 1373 ut
667 1335 712 1373 de
757 1335 889 1373 futuro
935 1346 1090 1384 quoque
1127 1345 1242 1371 nemo
1279 1332 1416 1371 audeat
1446 1329 1648 1369 infrenatis

237 1392 512 1442 cupiditatibus
560 1391 754 1438 oboedire,
800 1403 889 1428 curn
927 1397 965 1428 et
1010 1389 1133 1428 sciant
1176 1389 1228 1427 ita
1273 1388 1546 1440 praecedentes
1582 1386 1650 1425 ad-

238 1449 422 1487 missores
461 1448 575 1487 istius
607 1447 713 1486 modi
744 1446 951 1485 criminum
984 1445 1096 1484 uenia
1127 1445 1319 1489 liberatos,
1365 1451 1409 1483 ut
1438 1444 1650 1482 liberorum

237 1517 334 1555 quos
380 1504 524 1543 inlicite
566 1510 785 1554 genuerunt
835 1502 1081 1542 successione
1130 1506 1348 1547 arceantur,
1399 1512 1496 1551 quae
1546 1499 1651 1538 iuxta

236 1566 471 1600 uetustatem
504 1561 689 1600 Romanis
721 1559 871 1610 legibus
892 1559 1117 1609 negabatur.
1168 1565 1206 1597 et
1227 1564 1471 1609 optassemus
1493 1556 1650 1607 quidem

236 1630 307 1657 nec
352 1625 439 1657 ante
485 1619 692 1669 quicquam
739 1617 822 1656 eius
861 1616 967 1655 modi
998 1628 1082 1654 esse
1114 1615 1382 1661 commissum,
1414 1614 1518 1665 quod
1548 1617 1653 1651 esset

948 1700 1287 1708 M*Mw›smmmw
1290 1699 1401 1706 AVJN⁴‘
1404 1698 1647 1706 Waeaemmss

418 1705 459 1711 W
466 1704 659 1711 mWMWN.

329 1754 343 1785 1
373 1754 612 1785 coniunctione
630 1753 703 1786 BV.
758 1752 769 1795 Η
817 1753 871 1795 qui
902 1752 978 1784 inde
1010 1752 1178 1793 deinceps]
1210 1751 1339 1793 scripsi,
1377 1749 1433 1791 qui
1467 1759 1538 1781 cnm
1563 1749 1650 1788 (cum

236 1809 299 1830 om.
322 1798 390 1839 W)
415 1800 571 1841 deinceps
603 1798 691 1831 libri.
731 1800 745 1839 Η
785 1798 804 1829 2
836 1803 1017 1829 nascentur
1048 1801 1183 1828 seruata
1213 1796 1392 1835 religione]
1425 1796 1556 1837 scripsi,
1582 1804 1652 1825 ser-

235 1850 312 1876 uata
339 1844 504 1884 religione
532 1849 634 1884 t-nem
654 1843 708 1883 W)
735 1848 916 1876 nascentur
941 1844 1115 1881 (nascetur
1131 1841 1171 1880 B,
1204 1842 1354 1872 nascitur
1373 1840 1426 1880 V)
1452 1840 1537 1871 libri.
1579 1838 1590 1882 Η
1633 1838 1652 1869 3

235 1891 394 1921 honerate
422 1888 477 1921 W.
519 1889 529 1932 Η
577 1890 621 1928 id]
655 1890 726 1921 idco
753 1889 819 1929 Va,
852 1889 924 1920 ideo
951 1888 1013 1928 Vb,
1050 1888 1099 1919 ita
1125 1885 1181 1919 W.
1225 1886 1234 1929 Η
1274 1886 1295 1917 4
1327 1885 1454 1925 sancta]
1485 1884 1652 1924 Cuiacius,

237 1940 373 1966 sanctae
391 1934 429 1976 B,
454 1940 590 1967 sanctus
610 1935 667 1977 W,
693 1934 919 1977 suprascripte
939 1933 981 1966 V.
1025 1932 1035 1975 Η
1077 1933 1096 1964 5
1123 1932 1254 1963 nomine
1273 1930 1364 1964 VW.
1400 1930 1410 1973 Η
1445 1930 1652 1972 optineamus

239 1979 280 2012 V.
317 1980 327 2022 Η
360 1980 488 2013 afectos
514 1981 552 2021 B,
579 1980 728 2012 desectos
747 1980 791 2018 V,
818 1979 954 2010 effectos
974 1978 1031 2011 W.
1067 1977 1077 2020 Η
1120 1977 1425 2017 consanguinitatis
1451 1974 1538 2008 lt'bri.
1581 1973 1592 2017 Η
1634 1975 1652 2005 6

237 2028 288 2064 ea]
315 2027 475 2057 duratura
502 2037 538 2057 ea
563 2026 730 2058 similz'oue
751 2027 975 2067 eoepectamns.
1010 2022 1020 2065 Η
1056 2024 1072 2054 7
1100 2027 1256 2054 constant
1283 2021 1341 2055 W.
1372 2024 1385 2062 Η
1418 2021 1437 2053 8
1463 2021 1652 2062 promiscuo

237 2071 340 2102 ritum
359 2071 403 2112 V,
430 2072 610 2113 promiscui
637 2072 747 2103 oritur
768 2070 823 2103 W.
859 2069 869 2112 Η
904 2070 923 2101 9
950 2070 1114 2101 instinctu
1141 2067 1359 2106 execrandae]
1387 2065 1577 2107 Sekalting,
1601 2066 1652 2096 in-

236 2116 394 2147 stinctum
412 2117 619 2148 exercendae
644 2119 819 2155 (exercere
839 2114 919 2154 Wa)
946 2115 1033 2146 libri.
1069 2113 1079 2156 Η
1117 2113 1203 2154 sine]
1230 2124 1270 2144 ne
1288 2112 1385 2145 VW.
1419 2109 1429 2153 Η
1464 2115 1653 2153 respectum

238 2161 282 2194 V.
331 2160 340 2203 Η
392 2163 430 2195 10
456 2163 651 2204 quicumque
671 2162 715 2194 V.
765 2160 776 2203 Η
828 2161 1022 2203 inperitiam
1048 2159 1087 2197 B,
1115 2159 1271 2201 peritiam
1292 2157 1383 2191 VW.
1432 2155 1442 2197 Η
1492 2156 1529 2187 11
1558 2157 1651 2196 igno—

237 2207 380 2238 rantiam
402 2206 456 2239 W.
506 2206 516 2250 Η
567 2208 607 2240 12
632 2207 734 2239 ritum
759 2206 797 2239 B.
839 2204 849 2248 Η
892 2205 1096 2238 matrimonii
1123 2204 1151 2236 si
1178 2204 1213 2236 Β.
1256 2203 1266 2246 Η
1307 2203 1482 2235 admissam
1509 2200 1553 2241 V,
1583 2201 1655 2231 adi-

236 2253 336 2284 missa
358 2251 413 2284 17.
458 2252 468 2295 Η
512 2252 551 2284 13
584 2254 763 2284 uerissime
783 2252 827 2284 V.
859 2250 869 2293 Η
902 2252 1074 2282 iudicanda
1106 2250 1141 2281 B.
1186 2248 1196 2291 Η
1230 2247 1544 2289 contemplationem
1570 2245 1655 2277 libri.

236 2295 252 2341 Η
299 2298 338 2328 15
364 2302 440 2329 ante
466 2307 531 2330 om.
552 2297 615 2330 Va.
665 2296 675 2339 Η
725 2298 931 2338 incertisque
962 2296 1018 2328 W.
1072 2294 1082 2338 Η
1134 2296 1182 2333 56]
1208 2304 1245 2326 re
1277 2293 1321 2334 V,
1347 2303 1411 2325 om.
1436 2290 1492 2324 W.
1547 2290 1557 2333 Η
1615 2291 1654 2323 16

237 2344 408 2384 ademptos
426 2343 518 2376 VW.
553 2342 564 2384 Η
598 2348 710 2375 essent
730 2341 786 2374 W.
816 2341 831 2385 ΙΙ
860 2343 899 2374 17
926 2340 1135 2378 indulgentia
1163 2339 1251 2371 sciat
1267 2338 1304 2370 B.
1335 2338 1347 2378 Η
1381 2341 1457 2380 post
1473 2339 1553 2375 tam]
1580 2340 1655 2377 post

236 2390 299 2420 iam
320 2387 377 2429 W,
408 2389 515 2430 posita
535 2388 577 2420 V.
619 2387 629 2431 Η
669 2389 738 2419 uita
759 2388 803 2428 V,
830 2388 877 2419 uti
904 2398 974 2419 eam
995 2384 1050 2418 W.
1091 2384 1101 2427 Η
1146 2385 1184 2417 18
1209 2384 1276 2416 sibi
1300 2383 1428 2425 quidem
1446 2382 1488 2414 V.
1529 2381 1539 2423 Η
1580 2391 1654 2412 6556

239 2445 266 2465 c.
285 2445 330 2466 56.
349 2439 458 2465 tamen
479 2445 542 2466 non
561 2434 729 2474 legitimos
748 2435 826 2472 (-mo
847 2433 899 2471 V)
926 2434 975 2464 bis
995 2430 1050 2463 W.
1092 2430 1103 2474 Η
1146 2431 1184 2462 19
1211 2431 1304 2471 quos]
1330 2438 1410 2459 cons
1437 2427 1479 2460 V.
1523 2427 1534 2469 Η
1575 2427 1655 2465 tam]

239 2485 347 2511 tamen
375 2478 430 2512 17.
471 2479 485 2519 Η
526 2479 791 2511 coniunctionem
821 2478 892 2510 BV.
936 2476 946 2519 Η
987 2477 1164 2516 genuerint
1190 2473 1245 2507 W.
1289 2473 1299 2516 Η
1341 2472 1598 2505 20inefrenatis
1621 2471 1657 2512 Β,

240 2525 448 2557 ineffrenatis
467 2523 559 2566 VW,
580 2524 752 2556 effrenatis
770 2522 930 2555 Huschke.
963 2521 972 2564 Η
1004 2523 1041 2554 21
1059 2521 1276 2561 ·0bediss(a)e
1302 2517 1392 2551 VW.
1424 2517 1435 2559 Η
1464 2518 1506 2549 22
1525 2517 1655 2549 ueniam

239 2570 326 2608 BW,
364 2571 418 2602 uel
444 2570 487 2602 V.
530 2569 540 2612 Η
582 2569 725 2602 libertos
751 2569 794 2609 V,
830 2569 992 2600 liberaris
1020 2566 1077 2600 W.
1119 2565 1129 2608 Η
1171 2565 1212 2597 23
1239 2564 1321 2607 quod
1340 2563 1377 2595 B.
1423 2564 1432 2606 Η
1475 2562 1655 2604 genuerint

240 2615 332 2648 VW.
374 2614 384 2657 Η
426 2616 669 2648 successionem
691 2613 769 2656 Wa,
795 2614 1084 2646 successionemne
1109 2611 1183 2644 Wb.
1214 2609 1224 2653 Η
1256 2611 1447 2648 arceantur]
1476 2609 1657 2646 Puteanus,

239 2665 395 2693 careatur
420 2661 459 2702 B,
497 2666 634 2693 caretur
659 2659 752 2693 VW.
795 2658 806 2702 Η
847 2659 889 2691 24
922 2664 957 2691 et
987 2668 1049 2690 om.
1076 2656 1118 2690 V.
1160 2654 1170 2699 Η
1213 2661 1402 2697 optaremus
1427 2652 1520 2687 VW.
1563 2652 1574 2696 Η
1615 2653 1657 2684 25

239 2711 380 2748 negante
406 2706 445 2739 B.
487 2705 497 2749 Η
539 2706 731 2738 huiusmodi
751 2704 809 2738 W.
851 2703 861 2747 Η
904 2706 1007 2743 esset]
1035 2712 1108 2736 esse
1134 2700 1219 2733 libri.

1675 767 1718 801 10

1677 1047 1718 1081 15

1678 1612 1720 1645 25

1817 2986 1821 3011 l
