1828 3011
215 176 397 204 consvn'r.
418 167 473 206 7a‚
488 167 574 210 2-8‚
589 179 613 203 5.
705 191 822 195 —
886 167 969 208 216
1032 191 1148 195 —-—

90 293 148 332 7a,
178 305 192 328 2
215 285 330 325 etiam
370 284 522 324 Codicis
555 284 814 323 Theodosiani
853 283 1020 322 declarat
1056 283 1278 323 auctoritas.
1348 285 1460 331 Quod
1500 290 1629 324 tamen

214 342 456 393 superfluum
498 353 617 392 penes
656 341 794 379 electas
837 339 1139 390 magnificasque
1176 352 1361 391 personas
1407 341 1490 379 fieri
1528 341 1629 380 iudi-

217 410 369 437 camus:
403 398 469 436 sed
501 409 658 435 necesse
690 402 760 442 est,
801 401 843 434 ut
874 395 1090 446 ignorantia
1127 396 1371 443 rusticitatis,
1412 397 1474 436 uel
1512 397 1631 448 tergi—

210 454 442 493 uersationis
474 453 657 503 iniquitas
690 452 844 491 directis
874 464 1029 502 semper
1050 451 1311 491 oblationibus
1333 453 1627 504 comprimatur.

91 510 146 550 7a,
173 523 189 547 3
267 511 322 549 Ex
354 509 611 549 Tlieodosiani
642 508 706 546 lib.
730 509 781 547 IX
818 507 890 546 sub
922 507 979 546 tit.
1019 508 1066 546 de
1098 514 1187 547 mat.
1221 508 1310 547 bon.
1343 513 1381 547 et
1413 515 1504 548 mat.
1542 522 1627 560 gen.

379 566 550 605 cretione
582 565 749 603 sublata:

322 623 445 674 Iinpp.
480 621 675 659 Honorius
707 627 745 659 et
766 620 952 659 Arcadius
978 620 1050 658 AA.
1077 620 1272 659 Florentio
1294 622 1411 672 praef.
1436 620 1518 659 urb.
1567 621 1629 671 (ad

208 679 335 717 locum
348 679 374 729 z)
408 677 598 727 Quicquid
631 689 727 715 auus
760 676 845 715 auia
878 689 1047 727 proauus
1076 677 1234 727 proauia
1255 676 1389 728 nepoti
1410 677 1517 728 nepti
1539 690 1631 728 pro-

208 735 339 786 nepoti
376 733 555 785 pronepti
592 732 799 771 cuiuslibet
838 732 940 771 tituli
981 733 1157 783 largitate
1194 733 1448 779 contulerint,
1493 733 1532 772 id
1573 740 1632 772 est

209 796 443 829 testamento
476 788 776 828 fideicommisso
807 789 930 839 legato
962 789 1136 828 codicillo
1175 789 1380 828 donatione
1419 789 1481 828 uel
1512 789 1628 828 etiam

207 846 380 886 intestati
421 845 684 891 successione,
732 851 842 896 pater
878 845 955 883 filio
1001 845 1152 884 filiaeue
1197 845 1346 896 integra
1392 845 1628 897 inlibataque

207 903 411 941 custodiat.
445 901 527 940 Dat.
550 901 647 952 prid.
667 901 717 939 id.
742 901 826 940 Oct.
844 901 1060 940 Mediolano
1079 901 1236 953 Olybrio
1259 908 1297 941 et
1313 902 1482 941 Probino
1499 914 1625 941 conss.

87 958 142 1001 7a,
170 971 185 994 4
320 958 422 997 Luce
453 958 592 996 clarius
625 958 800 996 constitit
830 960 1064 1009 patefactum
1097 970 1169 996 nec
1196 958 1312 997 matri
1334 971 1449 997 usum
1479 959 1628 1003 obesse,

207 1020 250 1054 ut
281 1015 327 1053 de
358 1014 503 1065 reliqua
535 1014 715 1053 facultate
746 1015 1034 1065 possessionem
1068 1014 1235 1053 debitam
1269 1020 1552 1065 consequatur,
1592 1021 1629 1053 et

208 1072 308 1110 circa
330 1077 511 1122 nepotem
536 1083 681 1109 munus
704 1070 911 1109 auiaticum
936 1077 1119 1122 perpetua
1136 1071 1361 1109 liberalitate
1385 1083 1626 1110 mansurum.

88 1123 144 1162 72»
170 1136 186 1159 5
207 1127 290 1167 Hoc
320 1134 359 1166 et
390 1127 658 1166 consultorum
690 1126 773 1165 iura
806 1127 1011 1174 declarant,
1044 1140 1142 1178 quae
1163 1127 1425 1167 necessarium
1449 1128 1629 1167 tractatui

207 1190 342 1223 nostro
373 1196 452 1222 non
487 1183 668 1222 (luximus
700 1183 884 1222 adhiberi.

110 1240 146 1280 8,
174 1254 188 1276 1
323 1240 428 1278 Adde
459 1240 550 1278 dum
584 1239 854 1278 sollicitudinis
883 1245 970 1278 tuae
1002 1252 1093 1279 cura
1115 1240 1307 1287 tractauit,
1341 1247 1385 1279 ut
1416 1240 1460 1279 de
1492 1240 1630 1279 effrac-

206 1296 356 1335 toribus
388 1301 425 1334 et
457 1295 664 1335 manifesto
697 1295 857 1334 crimine
880 1296 1171 1347 comprehensis
1202 1309 1318 1347 quam
1350 1296 1465 1335 iudex
1496 1296 1629 1335 debuit

206 1355 305 1390 ferre
338 1352 585 1398 sententiam,
619 1358 805 1391 tractatus
838 1352 962 1391 nostri
993 1353 1130 1403 pagina
1162 1352 1348 1391 declaret:
1381 1358 1448 1391 aut
1479 1353 1512 1391 si
1544 1365 1627 1391 ma-

205 1408 316 1454 ritus,
350 1420 465 1458 quem
498 1407 719 1446 iudiciariae
750 1407 954 1459 potestatis
986 1408 1107 1459 cingit
1137 1408 1358 1455 auctoritas,
1403 1409 1449 1447 de
1489 1409 1626 1455 seruis,

206 1464 363 1514 quires
402 1463 555 1502 uxorias
597 1464 804 1502 manifesto
843 1464 1005 1502 crimine
1051 1465 1260 1503 abstulisse
1305 1464 1475 1504 conuicti
1522 1470 1627 1511 sunt,

205 1520 507 1571 peremptoriam
542 1520 719 1559 debuerit
750 1522 850 1558 ferre
881 1520 1128 1568 sententiam,
1160 1520 1271 1572 quasi
1301 1520 1338 1559 id
1361 1520 1461 1560 obici
1491 1521 1627 1572 possit,

204 1577 243 1614 in
277 1576 431 1627 propria
463 1589 578 1615 causa
609 1576 696 1627 quis
728 1576 872 1615 iudicet
903 1577 1039 1615 stulte:
1079 1577 1170 1616 huic
1199 1577 1259 1616 lex
1297 1577 1478 1616 diuorum
1516 1577 1628 1629 prin-

205 1633 334 1684 cipum
375 1645 473 1683 quae
517 1632 617 1671 infra
662 1632 804 1683 legitur
843 1633 1090 1684 opponenda,
1136 1634 1320 1673 maritum
1366 1634 1427 1673 illa
1474 1639 1627 1673 tantum

204 1689 355 1740 negotia
387 1690 519 1728 uxoris
550 1689 657 1728 uelut
688 1695 915 1728 extraneum
947 1696 1143 1729 auctorem
1176 1696 1498 1742 prosecuturum,
1531 1702 1628 1741 quae

206 1746 426 1797 procuratio
458 1745 600 1784 emissa
631 1746 912 1797 perscripserit.

111 1805 143 1846 8,
170 1818 185 1841 2
262 1801 318 1840 Ex
349 1814 509 1853 corpore
540 1802 818 1841 Theodosiani:

318 1858 469 1910 Imppp.
503 1858 745 1897 Theodosius
778 1865 817 1898 et
837 1858 1023 1897 Arcadius
1056 1864 1094 1898 et
1116 1858 1311 1898 Honorius
1343 1859 1451 1898 AAA.
1484 1857 1629 1897 Victori

205 1915 430 1965 proconsuli
461 1914 584 1953 Asiae.
656 1915 914 1962 Procurator,
960 1915 1049 1954 licet
1094 1915 1259 1954 maritus
1297 1915 1366 1961 sit,
1414 1915 1452 1954 id
1499 1915 1625 1954 solum

205 1971 344 2022 exequi
376 1970 505 2017 debet,
539 1971 641 2022 quod
674 1971 895 2023 procuratio
937 1971 1078 2010 emissa
1116 1971 1422 2023 praescripserit.
1483 1971 1568 2010 Dat.
1599 1970 1629 2009 V

205 2027 278 2065 kal.
311 2027 381 2065 Iul.
415 2027 631 2066 Theodosio
662 2029 706 2066 A.
739 2028 791 2066 111
823 2035 861 2067 et
891 2027 1139 2067 Abundantio
1172 2041 1299 2067 conss.

109 2086 129 2120 8
169 2099 184 2122 3
315 2084 502 2133 Agnoscis
534 2084 720 2123 maritum
754 2085 861 2123 uelut
893 2091 1119 2123 extraneum
1143 2097 1299 2124 causam
1328 2084 1502 2123 uxoriam
1535 2097 1628 2136 pro-

108 2141 141 2184 8,
168 2154 183 2178 4
206 2146 396 2178 secutum.
458 2140 644 2190 Agnoscis
677 2140 844 2179 iudicem
883 2141 929 2179 de
968 2141 1183 2180 manifestis
1221 2141 1296 2180 reis
1337 2153 1417 2180 non
1454 2141 1627 2192 potuisse

205 2196 355 2234 tardare
387 2196 632 2234 sententiam.

109 2254 141 2297 8,
169 2267 184 2290 5
260 2252 356 2290 Item
391 2264 437 2290 ex
477 2264 638 2303 corpore
671 2252 929 2292 Theodosiani
960 2253 1024 2292 lib.
1063 2253 1115 2292 IX
1146 2254 1203 2292 tit.
1237 2253 1283 2292 de
1314 2252 1626 2293 accusationibus

374 2314 413 2347 et
442 2308 782 2359 inscriptionibus:

295 2384 321 2404 6.
349 2373 408 2411 Ta,
435 2372 453 2403 3
473 2387 517 2398 =
537 2372 613 2405 Cod.
646 2371 780 2441 Thffld‘.)
793 2374 824 2413 S,
853 2374 904 2414 18,
931 2374 960 2405 2.

294 2429 319 2449 c.
351 2418 381 2457 8,
408 2418 488 2448 2—
444 2432 488 2443 =
510 2417 586 2450 Cod.
617 2417 733 2450 Theod.
762 2419 793 2459 2,
822 2420 874 2459 12,
897 2398 930 2451 ’.L

295 2474 321 2494 6.
348 2463 379 2503 8,
406 2464 424 2494 5
442 2479 486 2489 z
507 2462 580 2495 Cod
614 2463 851 2503 leeod.9,1‚
881 2464 930 2495 18.

505 2513 673 2519 Ἥαωψω
685 2514 983 2517 rrrrrrrrrrrrrr
1119 2513 1359 2520 mſsa-swas«

270 2515 325 2558 5
326 2512 455 2566 ix]i111
470 2537 535 2558 301.
567 2527 577 2570 ΙΙ
609 2533 641 2560 et
660 2516 764 2567 mat]
769 2518 813 2561 et
822 2517 898 2561 inat
919 2534 953 2560 et
970 2514 1051 2561 Cla.
1054 2506 1163 2561 1586.
1196 2529 1206 2571 Η
1242 2530 1275 2561 1]
1299 2513 1417 2560 filianie
1429 2512 1512 2560 Cui.
1516 2513 1626 2561 1586.

205 2571 216 2612 l]
252 2572 287 2601 12
316 2573 399 2614 p1id.
424 2571 728 2605 0111.C0d.Theod.
760 2572 773 2614 ΙΙ
805 2575 842 2605 13
870 2572 1084 2616 patiifactum
1109 2574 1293 2607 Cut.1577.
1327 2574 1336 2615 11
1372 2574 1409 2606 18
1436 2575 1519 2606 adde
1539 2575 1625 2613 dum]

204 2618 288 2657 quod
317 2618 443 2648 denium
469 2617 630 2650 Huschke.
674 2617 684 2660 Η
727 2619 767 2650 23
801 2619 834 2650 id
868 2619 956 2650 obici
990 2620 1096 2661 possit
1126 2619 1219 2661 quasi
1249 2619 1399 2660 fortasse
1423 2629 1487 2651 scr.
1531 2618 1540 2659 l
1585 2618 1626 2649 27

206 2662 466 2736 praecscripserit
492 2673 567 2703 scr„
594 2664 639 2698 cs.
659 2674 691 2695 21.
711 2664 763 2696 31.
807 2663 817 2706 ΙΙ
862 2664 902 2695 29
931 2664 1076 2696 uictorio
1108 2664 1182 2696 Cod.
1207 2662 1324 2696 Tleeod.
1368 2664 1377 2705 l]
1413 2664 1454 2694 33
1481 2674 1626 2705 agnosce

209 2711 241 2737 et
295 2708 455 2739 211215843.

1658 793 1700 826 10

1647 924 1671 942 a.
1691 918 1743 944 395

1659 1071 1699 1105 15

1656 1353 1699 1387 20

1656 1634 1699 1668 25

1655 1917 1699 1952 30

1647 2053 1672 2072 a.
1690 2047 1742 2072 393

1654 2201 1697 2237 35
