1855 2957
148 128 198 154 nn
219 120 536 164 DONATIONIBVS.>
654 139 770 144 -—
834 113 887 155 85
951 138 1067 141 —
1229 122 1314 148 VAT.
1334 122 1394 150 ΕΒ..
1415 123 1566 150 269—272.

148 248 230 275 rem
264 235 394 274 mariti
425 247 504 274 non
536 247 621 273 esse
653 236 794 273 factam
825 238 864 271 et
894 231 980 270 ideo
1011 230 1201 270 uindicari
1232 230 1279 268 ab
1311 230 1453 268 herede
1476 243 1565 268 mu-

147 292 253 332 lieris
284 304 419 343 posse3
458 292 561 343 quod
600 290 651 331 sil
687 291 832 330 sciente
869 301 912 327 ea
944 289 1017 326 hoc
1048 290 1194 326 factum
1228 286 1289 333 sit,
1322 299 1565 337 consequens

146 349 222 388 erit
254 349 380 388 dicere
411 348 452 387 in
485 349 615 387 dotem
649 359 886 387 conuersum
920 358 1004 384 esse
1036 345 1072 384 id
1105 344 1208 395 quod
1241 344 1374 382 datum
1408 351 1478 382 est.

181 417 268 456 Senot.
290 418 328 442 ad
347 424 369 442 c.
390 416 442 441 269
461 417 532 444 med.
582 415 622 441 Β’.
661 415 757 441 Mater
782 414 844 439 filio
869 413 901 439 in
927 412 1022 445 patria
1048 414 1194 445 potestate
1214 411 1311 444 posito
1332 409 1467 436 donando
1488 409 1563 434 nihil

182 456 254 485 agit.

51 494 121 528 270
146 499 402 533 Hermogenianus
421 499 510 524 titulo
531 498 566 524 de
587 498 804 525 donationibus.
868 485 956 525 Diui
986 484 1248 524 DIOCleilflnUS
1295 489 1332 522 ei.
1369 483 1565 522 Constan—

48 948 116 982 271

46 1448 119 1483 272

147 546 225 585 tius
291 544 472 584 Caeciliae
528 545 780 595 Anagrianae.
820 569 861 583 Ν
922 543 962 582 Si
1021 541 1296 581 donationibus
1356 539 1395 578 in
1447 551 1564 578 unam

146 602 264 641 filiam
312 602 473 641 conlatis
511 608 648 653 quarta
685 614 763 640 non
812 606 961 640 retenta
993 599 1272 651 patrimonium
1306 596 1564 636 exhaustum²

144 659 183 697 in
219 659 395 698 fraudem
428 665 648 698 ceterorum
683 658 851 697 filiorum
886 657 1089 709 probetur,
1122 657 1191 694 has
1222 654 1392 693 rescindi
1423 654 1467 692 ad
1502 654 1566 692 in—

143 723 226 755 star
270 716 476 755 inofliciosi
526 715 751 755 testamenti
796 715 916 754 sacris
963 712 1309 753 constitutionibus
1354 717 1562 763 parentum

146 780 373 812 nostrorum
407 774 611 812 euidenter
642 772 878 811 continetur.
940 777 1065 810 matre
1097 782 1252 821 quoque
1283 768 1382 807 filiae
1412 780 1474 806 res
1498 780 1567 806 ue-

145 843 241 869 num
276 831 390 869 dante
422 830 519 869 nihil
548 830 582 868 ei
614 829 783 868 auferri3
814 841 930 880 posse
963 841 1040 867 non
1064 827 1286 877 ambigitur.
1340 824 1566 876 Subscripta

145 887 176 924 V
208 887 280 926 kal.
315 887 399 926 Mai.
435 887 552 926 Sirmi
585 886 814 925 Caesaribus
846 898 972 925 conss.
997 909 1040 924 Ν

145 944 251 983 Idem
287 945 430 983 Boncio
464 943 657 982 Secundo.
699 943 858 981 Praeses
890 941 1115 993 prouinciae
1146 939 1295 979 amicus
1327 944 1461 977 noster
1492 950 1562 976 no-

147 1001 291 1040 tionem
325 1014 435 1040 suam
466 1000 663 1052 inpertiet,
693 1012 771 1038 non
802 999 984 1050 ignorans
1016 1011 1086 1050 pro
1110 1010 1178 1036 sua
1201 996 1429 1035 auctoritate
1451 1002 1566 1046 atque

144 1058 394 1110 experientia,
441 1057 473 1095 si
519 1056 722 1096 docebitur
768 1055 1022 1095 inmoderatis
1056 1053 1355 1093 donationibus4
1388 1065 1466 1091 non
1500 1064 1565 1090 re-

146 1122 252 1154 tenta
284 1120 419 1166 quarta
453 1114 498 1153 ad
531 1114 810 1153 excludendam
845 1112 1050 1152 inofliciosi
1088 1111 1297 1162 querellam
1338 1109 1490 1161 nepotis
1522 1121 1569 1146 ex

145 1172 222 1211 filio
255 1172 336 1211 nati
366 1171 672 1223 patrimoniumf’
705 1183 820 1209 suum
846 1182 964 1209 auum
987 1168 1226 1213 exhausisse,
1258 1166 1452 1218 plerisque
1475 1178 1568 1204 con-

146 1228 437 1268 stit11ti0n2·bus⁶
485 1228 711 1267 huiusmodi
759 1226 994 1266 commentis
1027 1226 1072 1265 ad
1105 1224 1328 1276 exemplum
1362 1221 1569 1261 inofficiosi

143 1286 337 1338 querellae
375 1298 460 1325 esse
494 1285 740 1325 occtirstini⁷.
807 1284 1013 1336 Proposita
1045 1281 1279 1333 Mogontiaci
1308 1280 1361 1318 XI
1393 1280 1466 1318 kal.
1498 1279 1568 1317 Iul.

145 1343 337 1382 Maximoss
370 1351 409 1382 et
439 1342 621 1394 Aquilino
653 1354 782 1381 conss.
808 1366 850 1380 ω

179 1409 270 1434 Sclzol.
289 1410 328 1434 acl
346 1416 369 1433 c.
389 1407 449 1434 271.
487 1406 528 1435 Β’.
567 1407 611 1432 De
630 1405 785 1431 inmodicis
805 1404 1021 1431 donationibus.

144 1454 343 1488 Gregorianus
364 1454 441 1482 inu-0
461 1454 533 1480 xm
552 1453 650 1481 titulo.
715 1444 813 1495 Imp.
853 1442 1055 1494 Philippus
1087 1440 1209 1492 Agilio
1242 1438 1474 1480 Cosmiano⁹
1500 1451 1570 1477 suo

144 1502 323 1540 salutem.
390 1502 497 1540 Inter
541 1507 728 1553 patronos
774 1498 855 1539 et¹⁰
900 1499 1060 1538 libertos
1107 1500 1153 1537 de
1198 1497 1283 1536 iure
1315 1496 1569 1535 donationum

147 1558 305 1598 tractari
334 1571 415 1598 non
448 1564 615 1610 oportet,
649 1570 737 1597 cum
771 1555 844 1596 etsi
875 1557 1057 1609 perfectis
1090 1554 1366 1594 donationibus
1399 1553 1438 1591 in
1476 1565 1570 1604 pos-

238 1710 265 1731 c.
284 1699 348 1730 272
379 1713 414 1724 =
448 1697 525 1731 Cod.
550 1698 634 1730 Just.
661 1697 691 1737 8,
723 1697 777 1738 55,
812 1697 840 1729 1.
888 1696 966 1739 Imp.
992 1696 1165 1739 Philippus
1191 1695 1231 1727 A.
1259 1695 1447 1727 Cosmiano.
1496 1692 1573 1725 Etsi

145 1743 309 1788 perfectis
335 1744 574 1776 donationibus
600 1762 644 1766 —
670 1743 872 1786 possederit,
898 1747 1020 1782 tamen,
1048 1742 1077 1774 si
1103 1743 1258 1783 ingratus
1285 1741 1342 1780 sit,
1381 1739 1487 1771 omnis
1513 1738 1572 1769 do-

146 1791 239 1822 natio
265 1809 308 1813 -—
334 1790 555 1822 insolentiam
583 1790 727 1830 erigere.
768 1789 831 1820 hoc
855 1793 965 1821 tamen
992 1789 1044 1820 ius
1070 1788 1177 1820 stabit
1202 1787 1292 1819 intra
1320 1787 1412 1828 ipsos
1431 1789 1573 1824 tantum,

145 1837 203 1878 qui
235 1836 479 1868 liberalitatem
517 1835 701 1876 dederunt3
739 1840 887 1867 ceterum
912 1852 956 1858 ·-
982 1845 1045 1865 non
1071 1833 1287 1866 retractauit.
1337 1832 1423 1863 Data
1447 1830 1512 1862 XV
1540 1830 1571 1861 k.

145 1881 208 1914 Iul.
235 1882 428 1914 Aemiliano
454 1886 489 1914 et
513 1881 674 1923 Aquilino
701 1891 810 1913 conss.

398 1958 655 1964 «rrsffsasllsslasx
666 1958 729 1963 ’.π-κ
745 1958 786 1964 ν»,
798 1958 879 1964 sslf„
894 1957 936 1966 κη,
948 1957 955 1960 ›
964 1957 1048 1965 »xxxx
1060 1957 1104 1964 aas<
1114 1955 1383 1963 ›sfsfaesssaexxxa]
1394 1954 1549 1961 Vsslstffssx
1561 1953 1571 1957 κ

148 2004 182 2035 in
209 2004 320 2035 dotem
352 2004 444 2035 dedit
463 2003 598 2044 Blumeg
630 2004 769 2036 maritus
794 2002 991 2037 uocabulum
1008 2003 1121 2035 delmi
1145 2012 1206 2046 ego
1231 2012 1266 2034 eo
1291 2011 1416 2043 quoque
1442 2001 1574 2032 nomine

146 2049 324 2081 molestum
351 2049 438 2091 qnod
459 2059 542 2081 mox
558 2052 732 2093 repetitur,
757 2049 1044 2093 supplendumque
1067 2059 1181 2081 censeo
1205 2048 1406 2090 cogitatione
1429 2046 1467 2078 id
1489 2045 1576 2088 quod

145 2097 308 2139 prooeivne
328 2095 501 2138 praecedit
519 2101 622 2137 pater.
666 2106 768 2138 neque
791 2097 880 2127 enim
906 2095 1084 2131 ferendum
1111 2096 1161 2126 est
1177 2093 1264 2136 quod
1275 2095 1392 2136 posuit
1411 2091 1575 2134 Czylzlm·z

150 2140 352 2180 (Dotalreclzt
376 2152 406 2183 p.
436 2141 511 2177 181)
541 2140 657 2172 eodem
684 2151 787 2173 uersu
813 2142 980 2173 maritum
1012 2142 1164 2184 primum
1187 2139 1387 2182 significare
1411 2148 1574 2174 socerum,

145 2185 265 2218 deinde
285 2196 462 2229 generum,
487 2197 689 2229 quamquam
714 2189 749 2218 in
774 2197 810 2219 re
832 2188 906 2229 ipsa
929 2197 1051 2219 uerum
1067 2186 1167 2218 uidit.
1213 2184 1267 2227 Cf.
1285 2184 1364 2226 Dtg.
1384 2184 1438 2224 23,
1464 2183 1494 2225 3,
1520 2183 1573 2214 34.

150 2232 316 2274 leianus
334 2232 356 2264 1.
375 2231 525 2264 XXXIII
543 2233 582 2263 ad
601 2233 772 2265 Sabinum.
820 2233 931 2264 Mater
956 2243 1029 2265 cum
1055 2232 1146 2264 filiae
1167 2241 1282 2263 aurum
1301 2229 1451 2261 dedisset
1475 2233 1575 2260 uten-

147 2277 236 2316 dum,
270 2282 367 2320 pater
393 2278 525 2320 puellae
551 2278 584 2309 id
610 2288 727 2310 aurum
753 2278 787 2310 in
813 2279 922 2310 dotem
948 2279 1024 2310 uiro
1057 2277 1230 2320 appendit:
1263 2276 1338 2308 dein
1365 2280 1494 2306 mortua
1523 2279 1574 2305 est

149 2327 267 2355 mater.
310 2324 339 2355 si
365 2324 473 2355 inscia
499 2324 649 2356 inuitaue
676 2334 782 2356 uxore
808 2324 863 2355 uir
888 2324 920 2355 id
947 2334 1065 2356 aurum
1090 2324 1122 2355 in
1143 2324 1254 2355 dotem
1273 2322 1436 2361 dedisset,
1462 2324 1573 2352 manet

150 2368 183 2400 id
210 2379 326 2400 aurum
348 2370 496 2401 heredis.

247 2417 260 2447 1
282 2413 402 2447 ssadd.
416 2414 536 2448 Maius.
568 2413 579 2457 [l
610 2415 628 2446 2
649 2415 820 2447 exhastam
836 2414 896 2457 Vl,
914 2416 1088 2447 exhastum
1104 2413 1162 2447 1ῐῖ.
1194 2413 1204 2456 Η
1236 2414 1254 2445 3
1273 2411 1402 2445 auferri
1418 2409 1487 2443 ‘sic’
1504 2411 1576 2450 Vol,-

149 2458 287 2492 auferre
308 2460 386 2492 Vm.
429 2460 439 2503 ΙΙ
482 2462 502 2492 4
529 2461 683 2492 notiones
703 2460 762 2493 Vl.
797 2459 807 2503 ΙΙ
842 2463 860 2493 5
886 2460 1134 2504 patriiiniiniuin
1161 2459 1230 2491 ‘sic’
1250 2459 1313 2498 Vel,
1339 2457 1574 2500 patrimonium

154 2505 226 2538 Vm.
253 2504 269 2549 Η
299 2505 319 2537 6
345 2512 485 2548 postque
504 2507 767 2538 constitutiones
786 2506 831 2546 V,
857 2507 960 2539 latere
984 2507 1047 2539 sub
1070 2516 1126 2538 nes
1144 2506 1276 2537 litteras
1299 2515 1332 2537 s*
1351 2504 1393 2535 ib.
1412 2502 1575 2534 indicauit

152 2550 249 2589 Detl„
274 2562 334 2583 em.
360 2563 431 2594 ego.
473 2551 485 2594 ΙΙ
521 2553 538 2583 7
565 2552 769 2595 quaerellam
795 2562 868 2585 esse
894 2563 1091 2585 concursum
1108 2551 1150 2590 V3
1176 2561 1241 2582 em.
1267 2549 1347 2583 Mai.
1382 2548 1393 2591 Η
1429 2549 1447 2580 S
1471 2550 1575 2581 itera-

149 2597 256 2628 tionis
288 2599 369 2629 nota
398 2597 445 2630 ad
471 2598 624 2631 Maoeimi
653 2608 771 2630 nomen
803 2599 839 2629 in
862 2598 1053 2630 Iustiniana
1079 2597 1186 2629 codiee
1209 2594 1426 2634 adscribitur,
1451 2595 1486 2625 in
1512 2595 1575 2626 hac

152 2641 283 2684 sylloge
307 2646 498 2676 constanter
515 2645 696 2676 omittitur.
745 2642 756 2686 Η
790 2643 809 2675 9
835 2643 1012 2676 Cosmiano
1038 2643 1136 2684 lust„
1162 2641 1304 2674 cominio
1332 2640 1376 2673 V.
1419 2639 1430 2683 ΙΙ
1475 2641 1523 2681 10ι
1541 2645 1575 2672 et

151 2685 247 2719 addit
272 2687 331 2730 V2,
356 2699 421 2721 om.
448 2689 522 2723 Vm.
1515 2685 1521 2700 ”

1590 487 1714 513 DIOCL.
1734 487 1782 512 ET

1608 523 1698 548 MAX.
1718 522 1765 548 ET

1587 558 1714 584 CONST.
1733 558 1783 584 ET

1592 593 1678 620 GAL.
1701 603 1727 627 p.
1751 594 1783 620 C.

1650 631 1711 655 294.

1588 949 1715 976 moon.
1736 948 1783 974 ET

1589 986 1681 1012 MAX.
1706 994 1733 1018 p.
1755 985 1784 1011 c.

1652 1023 1712 1048 286.

1588 1449 1794 1476 PHILIPPVS

1612 1496 1637 1520 p.
1659 1486 1689 1512 C.
1710 1488 1772 1512 249.
