1823 3016
677 129 1121 169 ——251—

191 256 328 288 auctor
367 249 414 287 ad
452 248 672 299 exemplum
706 247 816 298 Legis
847 247 1044 286 Romanae
1080 245 1279 297 particulis
1316 258 1361 284 ex
1402 245 1456 284 eis
1491 246 1612 285 titulis

192 305 382 357 excerptis
414 305 626 356 praemisit.
687 305 811 356 capita
840 303 944 342 I-—V
976 304 1113 342 hausta
1146 309 1238 340 sunt
1270 314 1315 340 ex
1346 302 1484 341 Codice
1517 303 1613 341 Gre-

191 362 362 413 goriano,
396 362 535 400 VI—X
567 374 611 400 ex
633 362 742 400 Pauli
763 360 981 407 sententiis,
1010 360 1062 398 XI
1084 366 1122 398 et
1141 358 1211 397 XII
1233 371 1279 397 ex
1301 365 1438 410 quarto
1462 358 1612 398 Codicis

191 418 451 458 Theodosiani
481 419 598 458 libro:
640 419 817 457 ordinem
858 417 989 469 igitur,
1028 429 1104 468 quo
1144 417 1237 454 haec
1268 428 1429 467 corpora
1460 416 1499 454 in
1531 416 1613 467 ipsa

192 476 292 527 Lege
331 476 504 514 Romana
550 482 730 526 excerpta
776 481 880 520 sunt,
927 473 1160 526 Appendicis
1200 473 1215 511 I
1261 479 1395 511 auctor
1440 472 1613 511 inuertit.

191 533 285 571 haec
315 532 385 571 XII
415 533 538 584 capita
570 539 790 583 sequuntur
821 532 993 582 quinque
1024 530 1325 570 constitutiones
1357 542 1402 568 ex
1429 536 1615 580 quattuor

192 589 315 628 titulis
360 589 477 640 primi
515 589 665 628 Codicis
701 588 960 627 Theodosiani
996 588 1084 626 libri
1122 587 1353 638 descriptae:
1400 599 1497 636 quas
1536 599 1615 624 non

190 647 238 685 ab
275 646 384 685 initio
415 647 531 684 huius
562 645 794 697 Appendicis
826 652 974 697 partem
1007 644 1181 684 essecisse
1212 657 1255 682 eo
1289 643 1372 682 ueri
1404 643 1527 681 simile
1558 643 1613 689 fit,

191 703 295 754 quod
327 702 491 753 singulis
523 703 645 741 titulis
678 703 832 741 numeri
864 702 910 742 ab
941 702 956 740 I
989 714 1113 753 usque
1144 701 1189 740 ad
1222 701 1290 739 1111
1323 699 1480 752 praefixi
1502 707 1613 738 sunt:

191 759 338 799 accedit
378 759 494 810 quod,
542 759 574 798 si
612 759 729 799 indici
765 759 1008 798 rubricarum
1054 758 1196 798 codicis
1234 757 1465 796 parisiensis
1504 756 1612 795 4403

191 817 287 856 fides
319 816 494 855 habenda
526 823 597 864 est,
629 817 675 855 ab
707 816 822 855 huius
855 816 997 855 codicis
1024 815 1246 867 Appendice
1278 814 1379 853 tituli
1412 814 1463 852 Ill
1486 821 1524 853 et
1544 813 1614 852 1111

191 873 363 912 aberant.

304 930 506 981 Appendix
527 930 560 968 ΙΙ
588 936 690 969 extat
718 931 756 969 in
785 930 984 969 codicibus
1007 929 1248 968 Berolinensi
1271 928 1352 967 270
1385 928 1527 967 saeculi
1549 927 1612 972 IX,

191 986 445 1038 Eporediensi
483 986 534 1026 35
574 987 716 1026 saeculi
752 987 803 1025 IX
842 988 903 1025 uel
935 987 979 1031 Χ,
1017 986 1226 1025 Parisiensi
1258 985 1366 1024 4406
1407 984 1549 1024 saeculi
1580 984 1615 1023 X

190 1044 449 1083 miscellaneo.
511 1045 604 1082 haec
642 1056 796 1094 quoque
830 1056 904 1082 una
935 1043 1217 1082 constitutione
1249 1042 1400 1082 Codicis
1431 1041 1611 1080 Theodo-

191 1100 290 1139 siani
329 1101 368 1150 (ξ
398 1101 440 1150 5)
478 1106 516 1138 et
555 1100 706 1139 duabus
743 1100 853 1139 Pauli
892 1100 1098 1138 sententiis
1136 1101 1175 1150 (ξ
1206 1098 1242 1138 8.
1277 1100 1318 1149 9)
1362 1099 1532 1150 exceptis
1569 1111 1615 1136 ex

191 1157 368 1208 capitulis
400 1157 496 1195 iuris
528 1156 694 1195 Romani
724 1157 763 1195 in
791 1156 931 1207 Legem
955 1156 1170 1195 Romanam
1194 1155 1501 1205 Wisigothorum
1535 1167 1613 1193 non

190 1213 369 1252 admissis
397 1214 612 1265 composita
633 1219 704 1252 est.
756 1214 802 1252 ad
825 1226 922 1264 quae
944 1220 1192 1252 accesserunt
1213 1212 1339 1251 scidae
1362 1213 1444 1250 siue
1466 1213 1615 1250 formae

191 1270 420 1313 edictorum,
454 1270 596 1321 quibus
627 1271 806 1309 absentes
837 1271 876 1308 in
908 1270 1095 1309 iudicium
1129 1276 1322 1309 uocantur
1354 1269 1393 1319 (ξ
1419 1268 1614 1318 11-14),

190 1327 365 1366 eiusdem
397 1327 438 1365 ni
469 1327 577 1366 fallor
608 1328 780 1378 originis,
813 1329 924 1366 cuius
956 1334 1049 1366 sunt
1079 1327 1269 1366 formulae
1300 1326 1495 1377 inregnis
1519 1326 1615 1363 Ger-

192 1384 355 1423 manicis
372 1384 669 1436 compositae1):
688 1385 843 1423 eaedem
863 1384 990 1423 scidae
1007 1397 1085 1423 non
1102 1384 1331 1423 coniunctae
1349 1396 1438 1422 cum
1457 1384 1615 1434 Appen-

192 1441 275 1480 dice
306 1441 339 1479 Π
378 1441 437 1480 bis
468 1442 507 1479 in
539 1441 623 1480 aliis
654 1442 830 1492 partibus
863 1441 1005 1480 codicis
1036 1441 1268 1480 Parisiensis
1300 1441 1410 1479 4406
1444 1441 1523 1487 (fol.
1548 1439 1613 1479 58.

192 1497 288 1546 682)
317 1505 355 1536 et
375 1497 415 1536 in
438 1498 568 1537 codice
590 1498 1012 1549 Lugdunensi-Batauo
1034 1499 1087 1537 47
1110 1498 1252 1537 saeculi
1273 1497 1308 1536 X
1329 1498 1523 1549 leguntur.
1575 1497 1615 1535 in

191 1555 289 1594 hanc
320 1561 448 1593 autem
482 1556 744 1607 Appendicem
778 1555 903 1594 scidae
935 1556 1018 1594 illae
1051 1562 1210 1607 propter
1232 1555 1340 1594 Pauli
1366 1554 1614 1600 sententiam,

190 1624 288 1663 quae
305 1611 537 1663 Appendicis
555 1613 586 1650 ΙΙ
608 1613 893 1664 paragraphum
914 1612 937 1651 8
961 1613 1089 1659 eflicit,
1113 1612 1297 1651 uidentur
1318 1619 1494 1663 receptae
1517 1624 1613 1656 esse,

190 1668 231 1707 in
277 1681 353 1720 qua
399 1668 444 1707 de
487 1669 602 1708 trinis
639 1669 774 1708 edictis
812 1676 850 1708 et
887 1669 933 1708 de
969 1670 1231 1721 peremptorio
1268 1669 1393 1708 edicto
1430 1669 1470 1706 in
1503 1680 1612 1706 reum

190 1726 454 1777 proponendis
486 1726 624 1777 agitur.
676 1732 847 1765 ceterum
881 1727 1041 1765 materia
1072 1740 1170 1778 quae
1200 1726 1451 1778 paragraphis
1478 1725 1614 1763 1-—10

189 1783 423 1834 Appendicis
455 1783 487 1820 ΙΙ
526 1783 750 1822 continetur
787 1782 880 1822 satis
921 1791 1003 1822 arte
1042 1785 1080 1823 in
1119 1796 1159 1822 se
1201 1784 1398 1822 cohaeret:
1445 1781 1616 1834 pertinet

190 1839 294 1877 enim
327 1840 373 1878 ad
406 1852 505 1886 reos,
538 1839 605 1890 qui
636 1846 702 1878 aut
731 1852 800 1891 per
831 1840 1117 1880 contumaciam
1142 1840 1188 1879 ab
1210 1840 1361 1879 iudiciis
1384 1840 1528 1878 absunt
1548 1845 1616 1878 aut

191 1896 439 1934 condemnati
481 1896 543 1934 uel
580 1897 748 1935 confessi
785 1903 889 1936 sunt.
950 1910 1016 1936 eae
1048 1897 1199 1936 Codicis
1230 1897 1489 1936 Theodosiani
1520 1908 1616 1935 con-

191 1952 415 1991 stitutiones
437 1965 535 2003 quae
556 1953 595 1991 in
619 1953 689 1992 hac
702 1954 922 2005 Appendice
938 1954 1133 2005 leguntur,
1156 1967 1233 1993 non
1250 1954 1422 2004 integrae
1439 1960 1615 2004 receptae

191 2015 295 2055 sunt,
336 2022 408 2048 nec
443 2009 577 2048 fraude
608 2010 732 2049 caruit
762 2011 794 2050 is
826 2011 893 2062 qui
923 2024 987 2050 eas
1020 2012 1233 2050 mutilauit:
1273 2018 1376 2050 certe
1407 2013 1429 2058 §
1451 2012 1484 2057 1,
1517 2022 1616 2062 quae

193 2066 328 2105 mutila
346 2078 425 2104 non
442 2072 572 2117 potest
593 2079 671 2105 non
694 2068 740 2106 ad
762 2069 1047 2107 contumaciam
1066 2068 1105 2107 in
1123 2068 1265 2107 iudicio
1283 2069 1533 2107 commissam
1553 2080 1616 2105 re-

192 2122 297 2168 terri,
329 2123 478 2173 integra
510 2136 626 2174 quam
651 2124 816 2163 maxime
838 2125 885 2163 ab
907 2126 978 2164 hac
998 2126 1094 2164 iuris
1116 2131 1225 2177 parte
1246 2126 1367 2164 aliena
1390 2125 1511 2175 est3):
1544 2137 1616 2163 nec

191 2179 449 2218 dubitandum
483 2186 553 2226 est,
586 2180 680 2231 quin
712 2182 900 2233 professio
926 2182 966 2220 in
989 2184 1011 2230 ξ
1033 2183 1057 2220 4
1079 2183 1211 2230 relata,
1243 2195 1358 2233 quam
1381 2182 1617 2234 epitomator

192 2236 238 2274 de
270 2237 513 2275 confessione
544 2237 646 2288 apud
677 2237 842 2277 iudicem
875 2240 974 2278 facta
1001 2240 1173 2290 intellegi
1196 2239 1333 2286 uoluit,
1367 2240 1398 2278 si
1422 2239 1613 2289 integram

360 2329 399 2335 <ss
402 2329 471 2335 <ww
474 2329 481 2331 ⁴
488 2328 553 2335 mzvvx
556 2328 563 2332 Α
566 2333 569 2335 .
572 2329 669 2335 -Λ-Μ»

1184 2331 1239 2338 ΜΛ
1242 2331 1347 2337 «ιν-(ΛΝ
1350 2331 1411 2337 κφΝ
1414 2330 1617 2337 .-Λκρνψ«ω,>ᾉ,κ

283 2375 310 2416 1)
337 2375 386 2407 Cf.
424 2376 639 2408 monumenta
677 2375 876 2409 Germaniae
913 2378 1079 2411 historica
1111 2379 1218 2420 Leges
1243 2379 1273 2412 V
1299 2390 1328 2421 p.
1350 2379 1426 2418 534,
1463 2379 1616 2410 Bruuuer

192 2420 358 2453 Deutsehe
387 2422 705 2461 Rechtsgeschichte
730 2421 742 2453 I
767 2422 788 2464 ξ
806 2423 859 2456 58.

284 2465 311 2506 ²)
337 2466 471 2499 Initium
498 2467 610 2499 scidae
636 2467 765 2506 legitur
791 2469 823 2500 in
849 2468 943 2510 folio,
970 2470 1055 2511 quod
1073 2470 1113 2501 ab
1131 2470 1193 2501 hoc
1211 2469 1327 2501 codice
1347 2469 1498 2500 auulsum
1515 2469 1615 2500 hodie

196 2517 291 2544 extat
316 2513 349 2544 in
376 2512 486 2544 fronte
512 2513 641 2544 codicis
668 2512 815 2546 Parisini
841 2515 940 2547 4410.

284 2556 311 2598 3)
336 2557 369 2589 Ιι]
385 2558 445 2590 Th.
461 2558 491 2598 6,
506 2558 559 2599 27,
578 2560 616 2591 10
636 2559 716 2590 haec
734 2561 956 2601 praecedunt:
973 2560 1068 2593 Inter
1084 2571 1137 2592 eos
1155 2562 1214 2602 qui
1229 2559 1484 2591 consularitatis
1497 2570 1615 2602 gesse-

193 2603 264 2634 rint
287 2602 493 2646 dig-nitatem
516 2607 548 2635 et
571 2614 626 2635 eos
650 2606 708 2646 qai
730 2607 915 2637 meruerint
939 2608 1170 2649 principatmn
1190 2608 1219 2637 is
1233 2605 1349 2647 gradu
1368 2607 1479 2647 potior
1495 2606 1616 2637 habea-

192 2650 262 2688 tur,
287 2650 344 2690 qui
364 2651 460 2692 prior
484 2649 593 2681 locum
618 2648 800 2691 dig-uitatis
822 2653 997 2694 acceperit.
1045 2662 1144 2694 qaam
1168 2652 1374 2684 sanctionem
1391 2652 1504 2683 omnia
1520 2650 1615 2682 debe-

192 2693 275 2725 bunt
299 2694 418 2736 officia
447 2694 624 2727 custodire.
