1823 3016
297 687 448 726 Scholia
487 687 581 726 haec
617 700 742 738 nuper
778 687 816 725 in
856 687 1093 726 monasterio
1132 687 1277 725 montis
1317 687 1421 726 Sinai
1461 687 1605 725 detexit

181 751 220 782 et
251 744 457 795 descripsit
489 744 531 782 G.
564 744 832 783 Bernardakis.
890 744 1041 795 primus
1074 757 1115 782 ea
1148 744 1267 782 edidit
1298 744 1341 782 R.
1375 744 1533 783 Dareste
1566 745 1603 782 in

181 801 428 852 ephemeride
466 800 632 840 Bulletin
680 802 725 839 de
764 801 1097 852 correspondance
1141 801 1369 852 Helleuique
1412 801 1457 839 IV
1498 800 1605 840 1880

181 871 217 909 p.
241 858 464 896 449—460
498 865 535 896 et
565 858 602 896 in
637 858 841 896 annalibus
864 857 1046 896 Nouvelle
1068 858 1197 896 Revue
1230 858 1275 896 de
1307 858 1409 896 droit
1441 858 1606 909 francais

182 921 220 953 et
252 915 432 965 etranger
456 914 562 953 1880
585 928 621 966 p.
646 915 725 953 643
749 928 832 965 sqq.
883 914 1091 966 apographi
1114 928 1131 952 a
1156 915 1240 953 uiro
1263 915 1488 953 doctissimo
1513 915 1606 953 Ber-

183 971 363 1010 nardakis
403 971 580 1017 confecti,
623 972 725 1022 quod
764 971 1063 1010 fundamentum
1103 978 1162 1009 est
1193 972 1368 1010 omnium
1403 985 1499 1022 quae
1532 972 1608 1010 huc

183 1041 304 1079 usque
336 1034 600 1079 apparuerunt
633 1028 860 1073 editionum,
898 1028 1106 1078 imaginem
1142 1028 1333 1067 dederunt
1364 1029 1554 1067 editiones
1586 1041 1605 1066 a

183 1085 414 1124 Zachariaeo
457 1097 475 1123 a
516 1085 746 1134 Lingenthal
793 1084 1138 1134 (Monatsberichte
1184 1085 1252 1123 der
1292 1085 1465 1123 Berliner
1505 1085 1607 1123 Aka-

183 1142 309 1180 ‹lemie
344 1141 447 1180 1881
482 1154 518 1192 p.
550 1141 630 1180 620
664 1140 766 1191 sqq.)
805 1148 842 1179 et
879 1154 897 1179 a
941 1154 1003 1179 me
1042 1141 1283 1187 (Zeitschrift
1320 1142 1387 1179 der
1420 1142 1607 1193 Savigny-

186 1198 360 1248 Stiftung
391 1197 435 1236 R.
468 1200 511 1236 A.
542 1198 590 1236 lv
631 1197 736 1236 1883
769 1211 805 1249 p.
841 1198 859 1235 1
896 1197 997 1249 sqq.)
1029 1204 1194 1249 paratae.
1257 1199 1393 1237 deinde
1426 1199 1609 1237 Huschke

183 1255 327 1294 scholia
367 1254 487 1293 edidit
521 1255 561 1293 in
598 1254 906 1306 Iurisprudentia
939 1254 1249 1294 Anteiustiniana
1282 1268 1314 1293 a.
1351 1255 1457 1294 1886
1490 1255 1600 1306 quin-

182 1319 266 1351 tum
299 1312 491 1351 recensita
523 1324 560 1363 p.
584 1311 819 1350 815-834,
878 1311 1002 1350 fusius
1034 1319 1232 1362 praeterea
1265 1313 1311 1350 de
1343 1312 1499 1351 scholiis
1531 1313 1610 1362 egit

183 1369 352 1407 Hilarius
380 1368 577 1407 Alibrandi
608 1368 646 1406 in
673 1369 785 1407 Studi
817 1381 836 1406 e
868 1368 1091 1407 documenti
1124 1369 1161 1407 di
1193 1370 1310 1408 storia
1345 1382 1364 1407 e
1396 1370 1526 1407 diritto
1558 1369 1608 1407 ΙΙΙ

185 1425 291 1465 1883
324 1439 360 1477 p.
385 1425 563 1464 33—46.
598 1425 805 1464 99—132.

300 1482 452 1521 Scholia
498 1494 576 1520 non
620 1494 706 1520 cum
747 1481 896 1533 leiani
935 1494 1050 1532 opere
1091 1482 1309 1526 coniuncta,
1358 1483 1422 1521 sed
1462 1495 1530 1533 per
1569 1495 1609 1520 se

183 1539 326 1590 scripta
360 1545 452 1577 sunt
482 1539 520 1577 in
554 1539 697 1577 chartis
725 1539 967 1590 papyraceis3
1001 1539 1154 1577 chartae
1177 1552 1274 1588 quae
1297 1546 1429 1577 extant
1451 1538 1609 1578 mutilae

185 1603 288 1642 sunt,
322 1609 393 1634 nec
425 1603 637 1647 supersunt
668 1596 707 1633 ni
739 1596 849 1634 fallor
879 1596 1009 1647 plures
1043 1608 1157 1646 quam
1183 1596 1299 1634 XVII:
1333 1596 1470 1646 uiginti
1503 1596 1607 1634 enim

184 1666 282 1704 quae
314 1653 503 1691 habemus
536 1656 843 1703 fragmentorum
878 1665 944 1691 sex
974 1652 1104 1702 (nobis
1132 1653 1348 1703 fragmenta
1372 1654 1408 1692 9.
1446 1654 1508 1692 10.
1544 1652 1608 1691 13.

188 1711 250 1748 14.
287 1709 350 1749 18.
386 1710 454 1759 19)
494 1709 677 1748 uidentur
715 1709 908 1761 pertinere
948 1710 992 1748 ad
1031 1710 1183 1748 chartas
1222 1723 1264 1748 ex
1306 1716 1468 1760 utraque
1499 1716 1608 1761 parte

184 1767 359 1818 scriptas,
392 1779 479 1805 cum
514 1767 683 1817 reliquae
711 1767 877 1813 chartae,
911 1773 954 1805 ut
975 1766 1101 1805 solent
1121 1766 1266 1818 papyri,
1299 1766 1336 1804 in
1361 1767 1476 1805 altera
1499 1773 1608 1818 parte

185 1823 377 1875 scriptura
411 1829 563 1862 uacent.

298 1881 339 1918 In
383 1880 557 1919 ordinem
591 1879 770 1918 soliorum
805 1892 892 1918 cum
927 1880 1183 1918 Bernardalzis
1214 1892 1290 1918 non
1325 1880 1608 1930 inquisiuisset‚

186 1937 354 1976 editores
391 1937 451 1976 alii
490 1938 607 1975 alium
649 1937 824 1975 ordinem
859 1937 1062 1976 dederunt.
1124 1950 1195 1975 nos
1228 1938 1265 1974 in
1299 1950 1340 1975 ea
1372 1950 1424 1983 re7
1468 1943 1511 1976 ut
1540 1950 1611 1988 par

185 2002 279 2040 erat,
326 1994 576 2045 potissimum
619 1993 765 2045 leiani
812 1994 857 2032 ad
898 1994 1085 2032 Sabinum
1132 1994 1251 2032 libros
1290 1994 1412 2032 secuti
1452 2007 1608 2040 sumus;

184 2058 380 2102 praeterea
413 2063 600 2089 numeros
631 2050 818 2089 librorum
852 2057 889 2089 et
920 2051 1088 2102 capitum
1124 2064 1191 2089 seu
1224 2051 1440 2095 titulorum,
1473 2051 1539 2102 qui
1570 2051 1608 2088 in

185 2109 279 2160 ipsis
311 2108 539 2158 fragmentis
570 2107 790 2153 laudantur,
821 2107 859 2146 in
893 2108 1078 2146 auxilium
1113 2107 1417 2157 adl1ibui1m1s1).

298 2163 350 2203 De
402 2171 559 2203 auctore
612 2165 848 2203 scholiorum
897 2165 1161 2204 coniecturam
1209 2165 1336 2203 facere
1382 2177 1459 2203 non
1506 2164 1607 2202 licet.

186 2232 329 2259 nornen
363 2221 591 2260 scholiastae
623 2221 779 2260 uidetur
808 2222 926 2260 latere
958 2223 996 2260 in
1029 2222 1168 2261 litteris
1193 2222 1312 2272 Eass„
1345 2234 1443 2272 quae
1476 2221 1610 2259 multis

185 2277 342 2317 scholiis
381 2278 699 2330 praemittuntur.
761 2290 847 2317 cum
892 2285 1022 2317 tamen
1064 2279 1205 2317 horum
1239 2279 1475 2317 scholiorum
1507 2291 1609 2316 non-

185 2334 288 2373 nulla
331 2336 438 2374 uelut
474 2337 496 2383 §
527 2336 549 2373 5
589 2341 626 2373 et
665 2335 714 2373 10
757 2347 835 2374 non
873 2341 949 2374 tam
985 2336 1133 2387 leiani
1172 2348 1270 2387 opus
1306 2347 1420 2386 quam
1465 2334 1609 2373 scholia

186 2404 285 2441 quae
321 2393 556 2431 antecedunt
592 2392 776 2430 adnotare
818 2392 1037 2439 uideantur,
1080 2395 1245 2431 fortasse
1283 2405 1328 2430 ex
1361 2392 1607 2431 diuersorum

187 2455 390 2487 auctorum
425 2449 581 2488 scholiis
614 2450 829 2520 fragmenta
851 2457 992 2522 nost1a
1026 2456 1240 2501 composita
1272 2456 1374 2522 sunt

280 2545 306 2586 l)
333 2545 382 2578 Cf.
408 2545 608 2578 zeitschrift
637 2546 696 2577 der
726 2546 874 2589 Savigns
880 2516 1045 2587 -Stistung
1070 2546 1114 2578 IV
1140 2558 1168 2589 p.
1189 2547 1230 2578 28
1256 2557 1326 2588 sqq.
1377 2546 1409 2577 in
1437 2546 1609 2577 nonnullis

187 2590 347 2622 dissentit
372 2591 476 2623 Lenel
495 2591 733 2632 Palingenesia
751 2591 778 2623 II
803 2603 830 2634 p.
854 2594 933 2625 1151
964 2604 1033 2635 sqq.
1084 2604 1123 2623 ca
1139 2592 1225 2634 pite
1252 2603 1267 2622 a
1296 2592 1479 2623 scholiasta
1501 2592 1609 2632 'signi-

187 2636 279 2668 ficari
306 2637 477 2669 titulum
509 2643 542 2669 et
572 2642 769 2677 axgumenta
799 2638 941 2680 capitum
968 2639 1024 2675 (ct.
1044 2637 1064 2680 ξ
1084 2638 1137 2669 22.
1163 2638 1215 2669 30.
1244 2638 1294 2669 35.
1323 2638 1380 2677 40)
1408 2643 1441 2669 et
1465 2638 1610 2669 ambitus

189 2691 302 2713 eorum
334 2682 390 2721 (cf.
416 2682 507 2724 §43
535 2684 592 2721 44)
619 2684 767 2714 suadent.
