1855 2957
657 129 1073 168 *17—

291 256 412 278 uersus
451 245 601 277 omnibns
628 256 836 286 communes,
873 246 929 278 sed
958 245 1057 278 etiam
1084 245 1169 277 licet
1193 255 1270 276 raro
1309 244 1365 283 (cf.
1393 245 1486 284 Bi1·‚t
1525 245 1588 277 das

291 291 407 323 antzke
433 291 635 324 Baehwesen
661 302 691 334 p.
719 291 797 331 159)
824 292 1004 324 secundum
1029 291 1169 333 paginas
1198 308 1240 314 —
1266 290 1313 322 ibi
1340 291 1425 343 enirn
1453 292 1504 322 sic
1538 296 1589 322 est

291 337 333 369 f.r
355 338 392 368 11
434 335 638 378 (Hrueger).
673 335 691 368 ὁ
720 338 872 376 ΡειυΙ(ος)
898 339 928 378 β.
955 349 974 378 η
1011 336 1084 368 τῶι
1110 338 1354 378 [res]p0n(son)
1380 332 1494 367 αὐτοῦ
1519 334 1590 368 πού

286 381 317 425 β’
345 376 522 434 (summm)
548 383 610 414 τοῦ
636 383 756 418 τέλους
780 384 845 414 τοῦ
867 383 1040 435 βμβλίοι)
1070 388 1104 414 et
1130 381 1171 414 fr.
1204 382 1261 415 13:
1289 380 1307 413 ὁ
1335 382 1589 419 Flortentinos)

288 429 437 480 β(ιβλιῳ)
455 423 493 474 γ’
521 428 593 461 τῶν
617 429 891 469 inst(itution0n)
915 425 1027 460 αὐτοῦ
1044 428 1131 460 mot
1156 425 1198 459 τὰ
1212 428 1309 477 τέλη
1334 427 1397 459 τοῦ
1415 428 1588 469 ffltssllot)

288 486 362 520 προ
394 470 420 507 ε’
454 467 634 526 affimant)
666 475 727 506 τοῦ
763 475 880 511 τέλους
916 480 950 507 et
976 474 1016 506 fr.
1043 474 1102 507 14:
1152 467 1284 515 ταύτης
1317 474 1496 517 μέμνηται
1527 473 1590 513 τῆς

290 518 501 559 διατ(ιὶξεως
538 517 656 563 [μετὰ]
692 514 730 562 β’
769 518 917 564 affluo)
958 513 1080 559 πάλιν,
1120 538 1158 542 -
1199 520 1262 551 hoc
1288 519 1501 551 obstaculum
1521 519 1588 550 ali

289 571 448 608 quantum
469 566 678 597 imminutum
698 571 764 607 est,
792 571 957 598 remotum
983 570 1093 597 autem
1112 566 1258 605 omnino,
1284 570 1458 607 postquam
1475 565 1591 596 obser-

290 613 385 644 uauit
411 611 608 652 Hruegerus
634 610 765 648 (Gesclz.
789 612 848 644 det·
881 610 1128 654 Rechtsquellen
1154 622 1185 653 p.
1203 612 1284 650 302)
1313 610 1590 652 confirmauitque

290 658 421 690 Manius
448 657 678 690 additamenta
705 658 763 688 illa
791 660 855 689 duo
882 659 1008 700 scripta
1038 668 1111 689 esse
1138 667 1203 688 non
1230 658 1344 689 eadem
1368 667 1466 688 manu
1491 661 1590 698 atque

290 704 422 746 reliqua
447 703 587 743 scholia,
615 703 670 734 sed
695 708 768 744 post
787 709 916 745 teinpus
941 704 1087 735 adiecta.
1114 704 1177 735 iam
1200 703 1308 744 igitur
1330 702 1414 734 nihil
1441 702 1590 744 impedit,

291 751 466 791 quominus
505 749 556 780 his
593 750 746 791 exceptis
785 750 914 781 scholia
945 760 987 781 ex
1016 749 1201 792 archetypo
1243 749 1409 780 translata
1435 749 1516 787 sint,
1556 748 1590 778 id

290 797 375 837 quod
412 794 544 835 flagitat
575 795 755 826 euidenter
786 796 909 827 scholii
943 796 983 827 ad
1010 806 1038 826 c.
1061 796 1125 827 315
1152 795 1258 827 lectio
1286 804 1304 826 a
1330 794 1446 826 menda
1473 798 1588 825 textus

289 842 456 873 immunis.
491 840 622 871 addidit
651 850 688 871 ea
719 851 781 871 non
812 846 932 872 auctor
961 841 1045 882 ipse,
1070 841 1129 872 sed
1152 841 1348 878 adnotator
1373 850 1445 872 cuni
1472 849 1589 880 magn-1

291 897 332 918 ex
358 892 451 929 parte
477 890 658 917 uersentur
691 885 723 916 in
756 886 1032 928 adlegationibus
1062 892 1181 917 contra
1210 887 1362 918 auetoiis
1395 886 1589 916 institutum

289 932 463 972 augendis,
500 935 537 962 ut
562 931 645 962 libri
671 931 821 963 laudatio
849 933 1019 973 repetitur
1045 932 1078 963 in
1114 932 1254 963 scholiis
1292 936 1428 974 praetet
1459 932 1589 962 necessi

291 982 391 1009 tatem
419 978 461 1016 (c.
478 979 525 1015 5),
550 977 590 1007 ad
612 977 733 1008 librum
760 977 898 1009 additm
916 977 1038 1009 titulus
1064 979 1109 1017 (c.
1128 977 1216 1016 108),
1243 977 1283 1009 ad
1310 977 1589 1009 constitutionem

287 1034 409 1064 corpus
420 1023 461 1061 (c.
473 1022 538 1053 266
548 1032 576 1053 a.
593 1024 610 1053 2
617 1022 668 1054 72.
684 1023 761 1054 255.
778 1022 852 1054 286.
868 1023 960 1063 288).
976 1023 1128 1055 litteram
1142 1033 1270 1064 quoque
1285 1033 1369 1064 quae
1386 1023 1481 1054 itant
1495 1033 1590 1053 suum

287 1079 423 1100 uersum
439 1072 578 1110 occupet
593 1068 786 1110 plerumque
800 1069 1050 1111 praescribitur
1065 1069 1206 1100 scholiis
1223 1068 1254 1098 δ’
1274 1069 1362 1107 (narn
1383 1079 1444 1099 non
1464 1078 1539 1100 esse
1555 1068 1588 1107 h,

286 1119 325 1146 ut
343 1115 436 1146 dedit
454 1114 576 1152 Maius,
602 1114 659 1146 sed
680 1115 709 1155 b,
729 1115 948 1146 consentiunt
973 1114 1147 1146 Detlefsen
1167 1119 1200 1146 et
1219 1112 1389 1155 Hrueger)
1416 1113 1588 1155 probabile

288 1165 341 1192 est
358 1160 510 1192 indicare
537 1170 653 1191 nomen
681 1160 906 1199 adnotatorss,
943 1161 1034 1192 sicut
1059 1160 1146 1202 quod
1173 1160 1312 1192 scholiis
1346 1160 1418 1191 illis
1446 1158 1588 1191 Graecis

287 1207 328 1237 ad
354 1206 535 1248 leianum
560 1206 808 1247 praescribitur·
826 1206 909 1238 (ΖΑΒ
936 1206 1100 1238 similiter
1127 1206 1358 1248 accipiendum
1392 1215 1466 1237 esse
1498 1205 1589 1236 inter

286 1252 381 1284 uiros
422 1253 539 1284 doctos
584 1252 754 1283 conuenit.
798 1253 909 1294 capita
948 1252 988 1283 ab
1028 1253 1142 1288 eodem
1175 1252 1340 1294 prudente
1366 1251 1502 1283 laudari
1527 1251 1587 1282 sub

287 1296 453 1330 uocabulo
485 1298 673 1340 specierum
711 1298 838 1329 usitato
877 1300 1006 1340 pariter
1042 1298 1077 1329 in
1118 1298 1376 1330 consultatione
1410 1308 1436 1328 o.
1465 1297 1504 1328 14
1531 1296 1585 1327 fin.

288 1349 323 1375 et
361 1344 484 1386 passim
516 1343 549 1375 in
583 1344 657 1383 lege
694 1343 837 1375 Romana
880 1344 1151 1384 Burgundionum
1189 1344 1367 1375 contendit
1399 1342 1587 1374 Huscbkius

289 1388 411 1432 (praef.
437 1400 466 1431 p.
487 1389 578 1428 707),
607 1394 697 1421 recte
724 1388 890 1428 fortasse3
918 1391 976 1422 sed
1002 1396 1111 1422 tamen
1138 1390 1178 1421 ad
1201 1400 1284 1431 quae
1304 1393 1466 1430 prouocat
1483 1388 1587 1419 uerba

289 1438 318 1467 et
343 1445 483 1477 sequens
508 1438 538 1467 et
563 1437 666 1467 tertia
691 1446 719 1467 c.
747 1436 813 1466 294
839 1435 1036 1468 referuntur
1061 1437 1101 1467 ad
1129 1435 1406 1467 constitutiones.

159 1516 330 1556 Cursiuis
361 1517 494 1556 litteris
531 1529 711 1566 empressa
747 1518 1042 1569 proficiscuntur
1078 1530 1128 1557 eac
1170 1520 1397 1562 coniectura,
1441 1523 1489 1560 ut,
1521 1516 1589 1554 ubi

288 1573 406 1631 aliud·
427 1576 468 1612 in
497 1573 618 1612 codice
640 1581 704 1613 est,
738 1575 776 1613 id
804 1577 844 1613 in
860 1578 958 1613 notis
978 1575 1179 1619 indicetur,
1210 1575 1279 1613 ubi
1308 1581 1427 1612 tacent
1459 1579 1582 1615 notae,

288 1630 377 1669 haec
415 1633 571 1669 ueniant
601 1643 649 1669 ex
679 1631 935 1682 supplemento
969 1632 1101 1671 codicis
1139 1632 1307 1671 mutilati
1339 1630 1400 1669 uel
1431 1630 1588 1668 euanidi

286 1688 392 1738 facti.
416 1695 656 1727 euanuerunt
671 1695 795 1727 autem
809 1693 1039 1739 praesertim
1056 1702 1150 1741 quae
1167 1689 1286 1727 rubro
1305 1689 1426 1727 colore
1444 1689 1585 1738 scripta

287 1746 465 1796 fuerunt,
506 1745 545 1783 id
582 1752 634 1784 est
673 1758 757 1784 cum
793 1748 895 1797 ipsae
929 1747 1104 1785 rubricae
1137 1753 1217 1785 tum
1247 1749 1288 1784 in
1316 1748 1445 1797 priore
1475 1750 1584 1795 parte

288 1805 410 1852 operis
435 1804 564 1854 prima
595 1815 759 1854 quaeque
789 1803 1026 1854 singyulorum
1058 1806 1223 1854 capitum
1245 1802 1439 1842 elementa.
1491 1813 1582 1852 per—

286 1861 417 1897 ierunt
460 1866 656 1910 praeterea
693 1863 733 1899 in
765 1863 917 1911 paginis
958 1863 1069 1899 tertia
1105 1868 1216 1911 parte
1254 1859 1399 1899 mutilis
1437 1859 1582 1897 litterae

288 1923 355 1954 aut
388 1918 536 1967 primae
569 1923 635 1955 aut
661 1924 871 1968 postremae
903 1930 932 1956 c.
957 1917 1139 1961 16—20,
1170 1921 1211 1957 in
1228 1919 1392 1969 paginis,
1416 1928 1581 1968 quarum

287 1973 368 2012 sola
419 1976 529 2012 tertia
572 1981 756 2025 superest,
801 1975 946 2013 litterae
988 1982 1054 2014 aut
1091 1978 1241 2027 primae
1273 1981 1339 2013 aut
1365 1980 1580 2025 postremae

286 2029 468 2069 32—40.
528 2030 624 2069 hisce
667 2034 794 2082 spatiis
831 2045 914 2071 cum
959 2033 1220 2084 supplementa
1251 2032 1421 2083 aptanda
1451 2037 1581 2070 essent,

287 2090 436 2132 curaui,
459 2088 556 2139 quod
578 2090 619 2126 in
639 2088 733 2127 hisce
753 2089 978 2140 fraymentis
999 2090 1210 2129 tractandis
1227 2091 1345 2140 pauci
1356 2092 1447 2128 satis
1469 2100 1582 2126 caue-

286 2151 390 2189 runt‚
414 2157 459 2183 rte
482 2145 695 2184 litterarum
720 2146 954 2185 abscisarum
970 2160 1173 2186 numerum
1190 2146 1451 2198 supplementa
1467 2157 1581 2195 supe-

285 2209 432 2245 rarent,
465 2214 690 2254 quamquam
721 2210 755 2241 et
784 2206 995 2255 scripturae
1026 2207 1124 2243 ratio
1152 2216 1295 2255 parum
1322 2202 1528 2255 aequabilis
1549 2209 1582 2240 et

286 2265 468 2297 notarum
497 2260 712 2311 frequentia
742 2262 782 2298 in
813 2273 858 2299 ea
879 2273 1022 2313 quoque
1042 2274 1085 2301 re
1107 2261 1272 2313 aliquam
1296 2260 1483 2300 licentiam
1507 2259 1581 2297 ad—

285 2319 457 2361 mittunt,
490 2328 566 2355 non
607 2320 761 2361 curaui,
799 2325 840 2357 ut
877 2319 1067 2370 suppletae
1107 2319 1250 2358 litterae
1288 2320 1450 2370 spatium
1482 2316 1581 2369 quod

284 2380 398 2412 uacat
440 2373 653 2424 emplerent,
700 2374 835 2414 scilicet
875 2388 959 2414 cum
999 2388 1093 2415 raro
1130 2376 1236 2415 nobis
1269 2375 1399 2414 (latum
1432 2378 1494 2419 sit,
1538 2380 1580 2411 ut

285 2432 325 2468 in
356 2430 544 2469 eiusmodi
571 2431 734 2470 hiatibus
763 2434 845 2483 ipsa
875 2433 996 2472 uerba
1025 2445 1290 2484 recuperemus
1326 2445 1442 2482 neque
1475 2430 1581 2470 aliud

284 2487 549 2538 supplementis
592 2488 785 2539 efficiatur
828 2492 903 2529 nisi
945 2490 1075 2542 aliqua
1116 2492 1260 2529 tenoris
1304 2492 1486 2527 orationis
1532 2487 1581 2525 ad

284 2547 506 2584 sententiam
544 2553 634 2596 apta
674 2548 920 2591 continuatio,
961 2555 1186 2599 aspernatus
1218 2549 1377 2586 anxiam
1407 2546 1516 2584 illam
1547 2551 1580 2583 et

285 2613 367 2639 cum
383 2601 522 2652 fallaci
534 2605 649 2653 specie
666 2605 752 2641 ueri
765 2606 1003 2643 coniunctam
1018 2604 1308 2643 sollicitudinem
1326 2603 1368 2642 de
1385 2603 1578 2654 aequando

283 2670 444 2697 numero
475 2659 694 2698 litterarum
727 2660 1024 2711 deperditarum,
1056 2674 1149 2713 quas
1178 2664 1277 2714 ipsas
1309 2674 1345 2700 se
1367 2667 1576 2710 assecutum

287 2727 363 2754 esse
395 2727 502 2755 nemo
534 2729 650 2755 sanus
680 2717 752 2756 sibi
776 2719 1014 2768 persuadeat.

223 2779 366 2806 Collectio
383 2781 435 2809 111.
1342 2787 1362 2819 *2
