1823 3016
689 175 804 179 —-
871 151 947 190 171
1014 174 1130 178 —
1248 157 1445 185 connum
1471 149 1523 191 10,
1543 160 1619 185 5—7.

208 269 355 309 cialiter
386 267 582 315 conuenit,
614 275 810 320 praestare
842 267 938 306 nihil
969 279 1123 306 necesse
1155 266 1280 305 habet.
1327 267 1438 305 cuius
1471 280 1621 306 memor

207 326 302 365 iuris
335 331 461 364 rector
492 325 715 377 prouinciae
747 325 914 377 partium
938 323 1229 375 allegationibus
1252 323 1393 362 auditis
1416 336 1485 374 pro
1507 337 1620 375 erep-

210 391 338 422 torum
372 382 556 433 qualitate
589 395 700 421 suam
732 381 928 421 ordinabit
958 380 1204 420 sententiam.
1267 380 1492 431 Subscripta
1516 380 1620 419 xlllt

79 440 242 478 ¹¹·294‘2k.
276 439 372 478 Nou.
404 438 595 490 Appiaria.

70 495 123 538 10,
139 507 192 535 6.1
321 496 423 534 Idem
472 498 591 546 Augg.
623 502 661 535 et
692 496 819 535 Caess.
854 494 1062 546 Septimiae
1093 494 1364 541 Quadratillae.
1426 494 1501 540 Qui
1533 494 1619 533 dolo

205 553 306 591 malo
339 553 556 604 depositum
589 565 666 591 non
698 552 882 598 restituit,
915 565 986 591 suo
1017 552 1175 590 nomine
1208 559 1427 591 conuentus
1459 550 1503 588 ad
1537 551 1620 589 eius

207 610 494 648 restitutionem
544 622 632 648 cum
679 609 858 648 infamiae
899 609 1071 661 periculo
1117 613 1316 658 urguetur.
1394 608 1620 660 Subscripta

85 691 109 709 a.
130 684 190 709 294.
211 666 308 718 prid.
340 666 427 705 idus
462 666 691 705 Decembres
723 666 956 705 Nicomedia.
990 665 1060 704 CC.
1093 678 1219 704 conss.

69 729 191 770 10,7,1
264 736 404 762 PAvas
444 724 542 762 libro
588 723 758 762 secundo
790 723 1070 762 sententiarum
1106 723 1178 761 sub
1211 723 1323 761 titulo
1354 723 1399 762 de
1431 723 1619 774 deposito:

322 780 522 832 Deponere
553 792 763 831 possumus
795 780 895 831 apud
927 780 1044 818 alium
1078 779 1113 818 id
1147 781 1248 830 quod
1283 781 1406 819 nostri
1436 780 1532 818 iuris
1563 788 1622 819 est

170 849 185 872 2
207 837 268 875 uel
300 838 425 876 alieni.
487 837 705 889 depositum
739 842 798 875 est
828 837 938 888 quasi
961 837 1024 875 diu
1046 836 1229 888 positum.
1292 838 1528 876 seruandum
1551 844 1620 885 est,

171 902 186 925 3
208 894 309 944 quod
327 894 400 944 [ad]
422 895 539 933 breue
562 900 717 945 tempus
740 894 1036 932 custodiendum
1061 894 1185 932 datur.
1237 894 1430 945 deponere
1454 895 1620 940 uidetur,

207 951 275 1002 qui
320 951 359 989 in
406 959 513 990 metu
552 951 687 990 ruinae
717 950 886 990 incendii
917 950 1107 1001 naufragii
1137 951 1238 1001 apud
1275 952 1391 990 alium
1426 952 1621 990 custodiae

171 1018 185 1040 4
206 1020 320 1046 causa
353 1007 523 1059 deponit.
585 1007 776 1058 deponere
807 1007 962 1046 uidetur
992 1014 1031 1046 et
1060 1008 1107 1052 is,
1137 1007 1203 1058 qui
1232 1015 1451 1059 suspectam
1478 1008 1620 1047 liabens

205 1064 268 1102 uel
301 1065 430 1103 minus
464 1065 640 1103 idoneam
669 1064 885 1102 custodiam
909 1064 1048 1102 domus
1073 1064 1134 1102 uel
1156 1064 1234 1102 uim
1258 1065 1451 1104 latronum
1479 1067 1620 1104 timens

168 1122 307 1172 bapud
353 1121 522 1171 aliquem
566 1132 649 1159 rem
696 1120 987 1159 custodiendam
1027 1121 1286 1159 commendat.
1349 1122 1381 1160 si
1422 1122 1619 1160 sacculum

204 1177 266 1216 uel
311 1184 514 1228 argentum
559 1177 787 1228 [signatum]
822 1177 1037 1228 deposuero
1069 1184 1105 1216 et
1138 1177 1170 1216 is
1202 1190 1321 1229 penes
1352 1190 1466 1230 quem
1501 1179 1620 1230 depo-

204 1234 323 1272 situm
375 1234 450 1273 fuit
495 1246 557 1272 me
600 1233 726 1273 inuito
763 1233 1033 1280 contrectauit‚
1065 1239 1104 1273 et
1133 1235 1296 1286 depositi
1329 1242 1367 1274 et
1397 1235 1490 1274 furti
1521 1235 1621 1274 actio

167 1299 183 1324 6
204 1290 299 1329 mihi
353 1291 391 1329 in
446 1303 535 1329 eum
592 1291 776 1343 conpetit.
857 1290 905 1329 ob
949 1303 1009 1329 res
1064 1292 1257 1342 depositas
1304 1292 1414 1331 dolus
1467 1299 1618 1331 tantum

167 1354 182 1380 ⁷
203 1347 392 1398 praestari
423 1348 532 1386 solet.
593 1347 634 1386 in
664 1347 805 1387 iudicio
837 1347 1002 1399 depositi
1033 1361 1079 1386 ex
1102 1360 1209 1387 mora
1231 1355 1270 1388 et
1292 1349 1443 1390 fructus
1458 1349 1622 1388 ueniunt

167 1412 242 1443 Set
287 1417 429 1444 usurae
472 1404 527 1443 rei
573 1404 769 1457 depositae
801 1411 1060 1456 praestantur.
1121 1405 1153 1444 si
1195 1405 1281 1457 quis
1314 1419 1395 1446 rem
1429 1419 1547 1460 penes
1579 1419 1620 1446 se

291 1480 317 1500 c.
347 1468 366 1500 6
391 1485 434 1495 z
465 1467 542 1500 Cod.
567 1467 653 1500 Just.
681 1469 713 1508 4,
739 1468 792 1507 34,
822 1469 872 1500 10.

294 1525 322 1545 c.
349 1514 380 1553 7,
411 1515 495 1545 1-4
521 1514 598 1546 hinc
621 1515 701 1546 rest.
727 1513 859 1546 Paulus
885 1513 915 1554 2,
945 1514 995 1554 12,
1024 1515 1119 1547 1-4.

293 1570 319 1590 c.
347 1560 377 1598 7,
404 1560 422 1590 5
442 1575 484 1586 =
501 1558 631 1591 Paulus
656 1559 687 1599 2,
716 1559 766 1598 12,
795 1560 834 1596 ὃς
860 1559 939 1601 Dz‘g.
968 1560 1018 1599 16,
1044 1560 1074 1601 3,
1100 1559 1141 1591 29
1158 1570 1210 1602 pr.

291 1616 319 1636 c.
346 1605 376 1644 7,
403 1604 510 1637 6-11
541 1605 617 1636 hinc
640 1607 724 1637 rest.
750 1604 878 1637 Paulus
903 1605 934 1644 2,
962 1605 1013 1645 12,
1039 1606 1161 1638 6—11.

283 1657 1618 1721 ‘1”inmrmenagii&{ffig‘u'g‘it‘sssff‘lffsss'e‘ffiffflq

199 1723 372 1755 ordinauit
409 1724 495 1756 libret.
552 1723 562 1766 Η
615 1724 782 1755 sententia
802 1724 839 1756 B.
893 1722 903 1765 Η
956 1726 1085 1756 subscr.
1122 1724 1201 1755 xiiii
1240 1724 1269 1755 k.
1299 1735 1373 1755 nou.
1402 1725 1554 1766 appiaria
1581 1724 1619 1760 B,

199 1778 262 1800 om.
284 1767 377 1808 VW,
402 1780 465 1802 scr.
485 1769 562 1802 XVI
591 1770 621 1801 k.
646 1768 729 1801 Nou.
749 1771 910 1812 Appiaria
930 1771 1042 1801 (jae-ss.
1069 1780 1159 1801 cons.
1185 1771 1232 1807 (α.
1260 1779 1378 1801 comm.
1403 1780 1514 1801 meum
1540 1770 1619 1801 iiber

198 1814 252 1846 die
269 1813 442 1856 Zeits'olge
465 1815 524 1847 der
547 1814 585 1847 V
581 1814 819 1857 erordnungen
836 1815 1040 1847 Diocletiane·
1064 1817 1096 1846 in
1122 1817 1208 1847 actis
1232 1814 1327 1847 acad.
1348 1814 1454 1847 Berol.
1480 1826 1510 1846 a.
1536 1815 1618 1847 1860

197 1870 229 1901 p.
249 1860 324 1892 438.
343 1861 433 1900 442).
469 1860 478 1902 Η
514 1861 533 1891 5
558 1860 644 1892 idem
662 1866 876 1903 augustuset
901 1871 1035 1892 cesares
1054 1863 1185 1899 (cesare
1203 1861 1286 1899 ind.)
1308 1861 1342 1901 B,
1362 1861 1449 1893 idem
1470 1859 1528 1901 W,
1553 1871 1616 1892 om.

200 1903 237 1936 V
285 1904 294 1947 Η
348 1906 536 1947 septimiae]
572 1906 621 1938 uii
659 1910 692 1938 et
722 1905 760 1938 B.
809 1905 819 1948 Η
868 1907 1106 1948 quadratillae]
1140 1908 1339 1948 quatratille
1367 1907 1395 1938 B
1419 1906 1528 1946 (ind),
1555 1917 1618 1938 om.

198 1949 282 1982 Just.
325 1949 334 1992 Η
377 1952 453 1983 dolo
481 1952 580 1991 malo]
606 1952 715 1984 dolum
741 1952 861 1984 malum
882 1950 940 1991 W,
966 1962 1029 1984 om.
1054 1952 1138 1984 lust.
1181 1951 1191 1994 Η
1234 1953 1253 1984 6
1280 1953 1480 1994 depositum]
1507 1953 1617 1994 posito

198 1995 236 2027 B.
278 1995 288 2037 Η
330 1999 528 2036 conuentus]
555 2008 582 2029 c.
608 2002 642 2030 et
667 1998 904 2030 condemnatus
924 1997 1010 2030 Just.
1053 1997 1063 2041 Η
1104 1999 1143 2029 ad
1171 1999 1244 2030 eius
1271 2008 1333 2030 om.
1355 1997 1396 2030 V.
1440 1998 1450 2040 Η
1493 1999 1509 2029 7
1537 2003 1617 2029 rest.

197 2051 270 2073 cum
309 2041 366 2074 inf.
405 2044 488 2083 per.]
524 2042 628 2081 Iust.‚
664 2053 736 2075 cum
771 2042 942 2083 infam(a)e
979 2044 1056 2082 (sic)
1087 2053 1157 2086 per.
1188 2044 1439 2076 restitutionem
1470 2042 1559 2074 libri.
1601 2042 1611 2086 Η

197 2093 363 2127 urguntur
386 2086 443 2120 W.
499 2088 509 2131 Η
561 2088 751 2131 subscripta
791 2089 898 2131 pridie
936 2089 978 2121 id.
1010 2089 1082 2121 dec.
1110 2087 1167 2129 W,
1204 2089 1329 2132 scripta
1367 2090 1401 2122 id
1438 2090 1554 2121 decem
1582 2089 1618 2129 B,

197 2142 263 2164 om.
292 2132 329 2165 V
347 2136 378 2164 et
401 2133 487 2165 lust.
530 2132 540 2176 Η
582 2134 601 2166 8
627 2134 811 2166 nicomedia
836 2145 883 2166 ce.
910 2136 1033 2174 conss]
1060 2135 1085 2166 ii
1111 2135 1260 2166 comedia
1286 2146 1352 2167 ecs.
1379 2145 1470 2167 cons.
1489 2134 1527 2175 B,
1553 2144 1617 2166 om.

198 2187 284 2221 VW
305 2192 336 2220 el
359 2189 444 2221 Just.
489 2190 499 2233 Η
540 2191 559 2222 9
589 2191 706 2234 paulus
730 2192 789 2224 lib.
807 2191 956 2231 (libet-B
979 2192 1065 2232 ind.)
1090 2198 1174 2224 sent.
1202 2192 1382 2224 subtituto
1409 2192 1553 2224 secundo
1580 2192 1618 2232 B,

195 2235 281 2266 idem
302 2233 358 2274 17,
385 2246 449 2266 om.
477 2235 521 2268 V.
564 2233 574 2277 Η
620 2236 659 2268 10
683 2237 782 2269 alium
809 2237 855 2276 id]
880 2237 970 2269 aliud
991 2237 1047 2270 W.
1091 2237 1101 2279 Η
1145 2240 1181 2271 11
1210 2239 1422 2277 seruandum]
1448 2238 1503 2269 sed
1530 2238 1619 2280 pari-

195 2285 250 2312 ter
275 2282 474 2313 seruandum
506 2281 561 2314 uel
586 2281 655 2313 tale
679 2282 839 2324 quiddam
864 2285 1052 2324 requiritur
1097 2282 1108 2325 Η
1149 2283 1187 2314 12
1213 2285 1298 2326 quod
1325 2284 1365 2314 ad
1392 2284 1505 2322 breue]
1533 2283 1618 2325 quod

195 2325 299 2358 breue
331 2327 479 2364 (breuem
507 2325 574 2366 W)
605 2327 692 2360 libri.
742 2327 752 2371 Η
797 2330 834 2360 13
867 2333 956 2360 metu
990 2330 1122 2368 ruinae]
1153 2329 1341 2360 metui-bine
1361 2329 1406 2369 V,
1439 2340 1488 2360 me
1524 2334 1556 2360 et
1587 2330 1617 2360 in

0 2377 1 2402 l
196 2372 272 2403 urbi
302 2382 362 2403 nec
382 2371 438 2404 W.
493 2371 503 2413 Η
556 2373 738 2405 incendunt
756 2372 848 2406 VW.
890 2372 900 2415 Η
935 2374 1145 2415 naufragium
1166 2372 1222 2406 W.
1272 2374 1282 2417 Η
1335 2375 1372 2405 14
1399 2385 1497 2405 cause
1518 2372 1574 2406 W.
1606 2372 1617 2416 Η

0 2424 1 2428 ’
195 2417 334 2458 deponit
365 2426 429 2449 om.
466 2416 556 2451 VW.
606 2416 616 2461 Η
657 2424 810 2461 suspecta
837 2418 880 2459 V,
911 2427 1066 2462 suspecto
1096 2418 1152 2452 W.
1202 2419 1212 2462 Η
1258 2420 1382 2451 habent
1417 2419 1457 2451 B.
1512 2418 1522 2461 Η
1578 2419 1617 2451 16

197 2464 278 2501 rem]
311 2473 347 2494 re
384 2462 441 2502 W,
476 2474 529 2495 res
562 2463 601 2496 B.
650 2462 661 2507 Η
702 2466 887 2496 commodat
916 2464 999 2498 libri.
1046 2465 1056 2507 Η
1099 2467 1280 2504 sacculum]
1312 2464 1443 2497 Paulus
1467 2468 1500 2495 et
1523 2464 1618 2505 Dign,

197 2507 373 2539 saccellum
413 2507 507 2550 VW,
551 2510 709 2542 sacellum
745 2510 782 2542 B.
836 2508 846 2552 Η
903 2511 940 2542 17
972 2512 1151 2551 signatum]
1190 2510 1319 2543 Paulas
1353 2513 1387 2542 et
1423 2510 1515 2552 Dsg„
1551 2520 1616 2542 om.

194 2552 293 2585 libri:
337 2554 491 2597 intellege
531 2565 596 2587 non
635 2556 812 2596 signatum
849 2555 966 2595 forma
1004 2556 1146 2597 publica,
1178 2556 1237 2588 sed
1270 2555 1455 2598 depositum
1494 2557 1529 2587 in
1565 2557 1616 2586 in-

196 2597 330 2632 uoluere
353 2600 539 2642 obsr'gwato.
583 2598 593 2643 Η
635 2601 750 2643 paenis
770 2600 812 2641 V,
841 2611 962 2642 poenes
990 2601 1048 2642 W,
1075 2612 1199 2644 poenae
1217 2601 1255 2633 B.
1299 2600 1308 2644 Η
1350 2612 1411 2643 que
1439 2599 1494 2633 W.
1530 2599 1539 2642 ΙΙ
1578 2601 1615 2634 18

195 2645 404 2676 contrectaui
432 2644 524 2685 VW,
557 2647 822 2679 contrectauerit
851 2646 978 2679 Paulus
1001 2651 1032 2679 et
1057 2647 1135 2689 Dz‘g:
1189 2646 1199 2689 Η
1251 2647 1379 2678 actioni
1399 2645 1456 2678 17.
1509 2645 1520 2688 Η
1575 2647 1616 2679 20

196 2691 250 2728 ex]
275 2691 335 2721 hec
354 2690 390 2722 B.
443 2690 453 2732 Η
506 2691 546 2723 21
575 2697 769 2734 prestentut·
789 2691 831 2725 V.
885 2692 895 2735 Η
949 2703 1071 2735 poenes
1090 2691 1148 2734 W,
1181 2703 1285 2734 poene
1312 2691 1355 2734 V,
1380 2702 1505 2735 poenae
1523 2692 1562 2725 B.
1604 2692 1615 2735 Η

194 2744 230 2766 se
256 2735 453 2778 depositam]
479 2738 590 2770 sedem
615 2738 756 2780 positam
776 2736 833 2777 17,
858 2749 894 2771 se
919 2740 1030 2781 posita
1047 2739 1085 2770 B.

1650 784 1693 817 10

1652 1069 1690 1103 15

1648 1353 1691 1386 ⁸20
