1828 3011
153 398 227 439 1‚1

211 633 226 657 2

248 165 505 194 GREG.WISIG.
527 156 658 200 4,1-2.
728 180 845 184 —
907 156 990 196 226
1054 178 1170 182 -—

545 310 614 348 ΙΙΙΙ
660 308 717 347 De
748 307 1036 347 inofficioso
1067 312 1359 345 testamento

360 395 456 446 Imp.
502 395 716 434 Alexander
760 395 802 433 A.
848 393 1017 432 Valeriae
1063 391 1310 434 Caelestinae.
1370 392 1458 439 Dos,
1501 405 1597 443 quae
1640 405 1661 431 a

245 457 354 503 patre
384 452 545 490 nubenti
577 451 675 490 filiae
706 451 791 489 data
824 456 881 489 est
911 456 978 488 aut
1007 449 1047 488 in
1078 449 1310 499 obligatione
1353 449 1575 496 constituta,
1621 449 1658 488 in

246 514 435 558 quartam,
468 521 582 559 quam
616 508 756 546 habere
788 519 833 545 ex
866 506 976 545 honis
1008 506 1128 557 patris
1160 505 1290 553 dehet,
1322 518 1370 544 ne
1400 505 1659 545 inofficiosum

247 571 523 603 testamentum
544 564 667 615 possit
688 575 879 610 accusare,
902 575 980 601 non
1003 568 1262 614 computatur,
1295 562 1476 614 quoniam
1501 562 1660 601 uiuente

247 628 353 672 patre
394 621 505 659 bonis
551 620 634 659 eius
675 621 749 659 fuit
780 626 964 670 separata.
1025 618 1207 670 Imperite
1238 619 1367 670 itaque
1398 618 1661 658 introducitur

245 677 413 727 querella
460 677 650 715 cautionis
695 689 714 715 a
755 676 895 714 marito
937 682 1003 714 tuo
1044 675 1223 721 emissae,
1262 676 1371 727 quasi
1413 687 1492 713 non
1531 675 1659 713 omnia

245 733 383 771 tradita
417 734 450 772 ei
482 739 623 778 essent,
656 745 758 778 cum,
792 732 863 771 etsi
895 744 1030 770 uerum
1065 732 1116 770 sit
1147 732 1249 783 quod
1272 733 1463 783 scriptura
1485 731 1661 770 contine-

246 796 321 835 tur,
353 801 430 827 non
464 790 677 840 perimatur
708 789 876 839 querella
899 788 1104 827 inofficiosi
1126 789 1362 835 testamenti,
1396 788 1428 827 si
1450 801 1497 826 ex
1518 787 1660 827 iudicio

244 845 364 897 patris
397 858 580 897 supremo
612 853 747 896 quarta
788 846 886 884 filiae
930 858 1010 883 non
1050 846 1270 896 suppletur,
1314 857 1429 897 quam
1475 845 1659 884 intestato

243 908 352 953 patre
397 915 466 953 pro
513 903 689 954 portione
735 915 804 941 sua
850 901 991 940 habere
1029 902 1174 940 debuit.
1249 902 1323 941 ΡΡ.
1355 901 1406 940 111
1447 901 1519 940 kal.
1555 902 1660 952 Sept.

246 958 410 997 Maximo
442 959 475 997 Il
507 966 544 997 et
574 958 787 998 Aemiliano
819 971 945 997 conss.

360 1015 457 1066 Imp.
504 1016 718 1054 Alexander
763 1016 805 1054 A.
838 1015 1007 1054 Valeriae
1049 1014 1223 1053 Rufinae.
1293 1014 1332 1053 Si
1378 1027 1424 1052 ex
1460 1014 1661 1053 uoluntate

246 1071 379 1123 patris,
411 1072 477 1122 qui
511 1078 586 1111 tres
617 1085 663 1111 ex
695 1085 735 1110 se
766 1077 878 1110 natos
909 1071 1065 1122 reliquit
1096 1071 1268 1118 heredes,
1300 1071 1436 1110 tertiae
1472 1070 1661 1122 portionis

245 1135 380 1178 quarta
413 1129 458 1167 ad
492 1135 527 1167 te
560 1129 642 1167 sine
674 1129 750 1168 ulla
783 1128 1039 1167 diminutione
1070 1128 1276 1179 peruenire
1306 1140 1384 1166 non
1417 1127 1562 1179 potuit.
1594 1127 1659 1165 in-

246 1184 405 1223 officiosi
452 1185 672 1224 testamenti
719 1185 1004 1223 accusationem
1057 1185 1261 1224 instituere
1306 1196 1383 1223 non
1429 1183 1659 1235 prohiberis.

245 1241 282 1279 in
316 1254 391 1291 qua
423 1248 551 1280 tamen
583 1249 692 1293 parte
722 1255 763 1280 ea
795 1254 892 1292 quae
923 1247 1012 1280 ante
1042 1254 1060 1279 a
1093 1247 1200 1292 patre
1223 1240 1320 1279 filiae
1350 1240 1390 1279 in
1413 1241 1541 1279 dotem
1575 1241 1660 1279 data

247 1303 340 1335 sunt
369 1310 447 1336 non
479 1299 603 1349 placet
632 1298 862 1349 computari,
894 1311 992 1348 quae
1024 1298 1136 1336 etiam
1168 1298 1208 1336 in
1247 1297 1358 1336 bonis
1404 1297 1532 1336 mariti
1570 1302 1662 1335 sunt

243 1360 282 1392 et
312 1367 331 1392 a
363 1354 596 1405 patrimonio
633 1355 752 1406 patris
785 1355 942 1393 uiuente
980 1367 1024 1393 eo
1063 1360 1235 1405 separata
1273 1354 1442 1392 fuerunt.
1503 1353 1578 1392 ΡΡ.
1609 1352 1660 1391 111

245 1410 317 1448 kal.
353 1410 456 1462 Sept.
491 1411 656 1449 Maximo
688 1412 722 1449 ΙΙ
753 1417 790 1450 et
821 1411 1032 1449 Aemiliano
1063 1423 1188 1449 conss.

357 1466 641 1518 Interpretatio.
689 1467 728 1506 Si
750 1474 859 1519 pater
890 1480 959 1518 pro
982 1467 1057 1505 filia
1089 1467 1217 1505 dotem
1241 1466 1440 1505 tradiderit
1461 1471 1528 1505 aut
1557 1471 1660 1504 certe

244 1535 384 1573 genero
423 1536 492 1574 pro
529 1524 610 1575 ipsa
648 1524 737 1562 dote
775 1523 911 1562 fecerit
949 1523 1167 1562 cautionem
1214 1523 1274 1561 uel
1312 1536 1352 1562 se
1392 1522 1660 1574 promissionis

244 1579 401 1618 uinculo
440 1580 668 1630 obligauerit
705 1586 743 1619 et
783 1581 919 1619 mortis
951 1587 1126 1632 tempore
1157 1579 1362 1618 Falcidiam
1409 1579 1507 1618 filiae
1552 1586 1661 1630 pater

245 1636 290 1674 de
322 1636 381 1674 his
420 1637 536 1675 rebus
576 1650 670 1688 quas
710 1637 846 1675 mortis
884 1643 1059 1688 tempore
1091 1636 1296 1687 dereliquit
1338 1648 1417 1675 non
1457 1635 1660 1681 dimiserit,

245 1692 291 1730 de
322 1693 539 1732 inofficioso
582 1694 702 1744 patris
734 1699 969 1733 testamento
1016 1706 1127 1744 agere
1172 1693 1247 1732 filia
1292 1705 1370 1731 non
1417 1692 1657 1744 prohibetur,

244 1748 332 1799 quia
364 1749 471 1796 illud,
504 1751 606 1800 quod
638 1763 707 1802 pro
739 1763 781 1789 ea
812 1763 832 1789 a
864 1757 972 1802 patre
1002 1750 1041 1788 in
1074 1750 1203 1789 dotem
1227 1750 1358 1788 datum
1383 1756 1442 1788 est
1473 1754 1539 1788 aut
1569 1761 1661 1800 pro-

339 1933 349 1963 1
379 1933 471 1969 test.]
498 1936 575 1962 test.
603 1932 861 1971 gregorianis.
903 1930 913 1973 Η
955 1932 973 1962 2
999 1932 1220 1973 ἰιιψενῑιίοπθε
1241 1929 1275 1962 G.
1310 1928 1321 1972 Η
1354 1931 1470 1962 uariae
1487 1930 1528 1962 V.
1563 1929 1573 1972 Η
1608 1940 1663 1960 ca-

244 1975 388 2007 lestinae
408 1975 453 2008 V:
479 1975 665 2008 Caelestino
682 1976 817 2009 uidetur
833 1987 928 2009 soror
945 1988 1014 2008 esse
1030 1976 1185 2018 Bufinae,
1203 1975 1248 2007 ad
1264 1985 1362 2017 quam
1381 1987 1406 2007 e.
1425 1975 1444 2007 2
1462 1975 1588 2007 directa
1604 1978 1662 2016 est,

245 2023 281 2051 ut
306 2022 338 2051 in
364 2024 504 2063 utroque
529 2023 691 2064 rescripto
716 2022 755 2054 de
779 2022 893 2054 eadem
918 2021 1102 2054 hereditate
1126 2024 1263 2063 agatur.
1305 2019 1316 2064 Η
1358 2032 1374 2052 a
1403 2025 1497 2063 patre
1524 2021 1661 2052 nubenti

245 2066 393 2101 (nuberti
413 2066 485 2105 J‘)]
512 2072 606 2108 parte
635 2066 670 2099 G.
725 2067 735 2109 Η
788 2068 807 2098 4
834 2067 1017 2099 officiosum
1045 2066 1082 2107 G,
1116 2066 1305 2098 inofficioso
1331 2066 1405 2099 PV.
1447 2065 1458 2108 Η
1501 2068 1518 2098 5
1552 2071 1661 2098 testa—

245 2116 355 2142 mento
378 2109 479 2143 GPI'.
522 2110 531 2151 Η
573 2117 807 2154 computantur
827 2113 869 2145 Γ.
905 2112 914 2155 Η
949 2114 968 2144 6
994 2112 1059 2144 fuit
1084 2117 1239 2154 separata
1258 2113 1296 2151 P,
1322 2110 1427 2143 fuisse
1454 2115 1570 2153 parata
1591 2109 1660 2143 GV.

249 2154 260 2198 Η
317 2157 541 2188 introducitur
580 2157 782 2198 Mommsen,
821 2159 1015 2189 introducet
1048 2156 1089 2196 G,
1127 2158 1314 2188 introducit
1344 2157 1418 2189 PV.
1473 2156 1483 2199 Η
1536 2157 1553 2187 7
1592 2157 1660 2196 tuo]

244 2206 313 2232 tum
335 2200 379 2233 l‘.
410 2200 420 2243 Η
455 2202 596 2233 emissae
624 2203 791 2237 Galaesus.
818 2204 939 2235 amissa
963 2202 1000 2244 G,
1026 2204 1148 2234 omissa
1168 2202 1242 2234 Pl'.
1275 2203 1288 2243 Η
1322 2202 1340 2234 8
1366 2203 1566 2244 scripturam
1587 2200 1659 2233 Pl'.

248 2245 258 2288 Η
301 2248 517 2279 continentur
537 2246 571 2279 G.
614 2246 624 2289 Η
667 2248 685 2278 9
716 2249 932 2289 permittatur
948 2249 986 2280 P.
1029 2248 1038 2291 Η
1083 2250 1121 2280 10
1157 2248 1326 2289 subprimo
1343 2248 1382 2279 P.
1423 2246 1433 2289 Η
1475 2251 1567 2278 carta
1588 2245 1660 2278 GV.

245 2290 255 2334 Η
306 2293 341 2324 11
372 2293 538 2335 positione
559 2292 593 2325 G.
628 2292 639 2335 Η
672 2294 793 2325 habere
820 2294 984 2325 debebunt
1002 2294 1040 2334 P,
1067 2295 1187 2325 herede
1213 2293 1328 2324 habuit
1348 2292 1389 2324 V.
1425 2291 1434 2333 Η
1469 2292 1661 2334 praeposita

249 2336 284 2378 G,
323 2338 390 2370 dat.
423 2339 453 2369 P
488 2341 519 2370 et
555 2340 602 2369 sic
632 2337 781 2380 deinceps
809 2349 868 2381 pro
907 2350 957 2381 pp.
1001 2338 1010 2381 Η
1052 2338 1107 2370 IIII
1133 2337 1169 2378 G,
1195 2338 1239 2370 VI
1257 2338 1300 2370 V.
1353 2336 1364 2380 Η
1419 2337 1458 2368 12
1487 2336 1514 2368 ΙΙ
1540 2347 1601 2368 om.
1627 2335 1661 2375 G,

246 2385 326 2413 item
373 2394 437 2415 om.
473 2383 532 2415 sed
568 2394 676 2415 uacuo
720 2386 828 2426 spatio
869 2384 985 2416 relicto
1022 2384 1085 2416 Va.
1139 2383 1149 2426 Η
1206 2385 1244 2416 13
1283 2384 1401 2425 imppp.
1446 2380 1511 2413 GP.
1566 2382 1576 2424 Η
1632 2392 1661 2413 a.

246 2438 309 2460 om.
336 2429 373 2460 P.
426 2428 436 2471 Η
490 2429 629 2468 rufinae]
656 2429 702 2470 ef.
728 2428 773 2460 ad
794 2441 827 2461 ιι.
854 2430 883 2460 2.
927 2428 936 2471 Η
981 2429 1021 2461 14
1047 2440 1081 2461 se
1107 2440 1170 2461 om.
1199 2428 1269 2461 GV.
1325 2427 1335 2470 Η
1388 2431 1484 2459 natus
1508 2427 1545 2467 P,
1573 2428 1661 2458 natis

250 2472 285 2504 G.
335 2475 348 2513 ll
395 2474 556 2516 relinquit
583 2473 616 2506 G.
660 2474 671 2516 Η
718 2476 852 2506 tertiam
882 2474 916 2506 G.
964 2475 977 2515 Η
1027 2476 1077 2509 15.
1098 2477 1143 2514 te]
1176 2479 1227 2506 ste
1258 2474 1315 2504 Pa.
1357 2471 1368 2514 Η
1409 2473 1517 2514 possit
1537 2472 1609 2505 GV.
1651 2472 1661 2514 Η

250 2520 288 2550 16
322 2520 535 2551 accusatione
565 2518 599 2551 G.
655 2519 665 2562 Η
718 2521 912 2561 prohiberes
933 2518 969 2552 G.
1024 2520 1034 2562 Η
1089 2521 1126 2552 17
1160 2519 1232 2561 qua]
1265 2523 1381 2559 quarta
1413 2517 1448 2549 G.
1502 2517 1512 2559 Η
1565 2520 1616 2557 ea]
1643 2529 1660 2550 a

251 2562 306 2595 GU.
349 2564 359 2606 Η
400 2565 496 2595 datae
521 2565 592 2597 PV.
635 2563 646 2606 Η
690 2567 728 2598 19
756 2568 806 2604 eo]
837 2576 893 2597 eos
912 2565 951 2596 P.
1005 2564 1015 2607 Η
1069 2564 1196 2596 suerint
1216 2562 1250 2595 G.
1293 2562 1303 2604 Η
1345 2564 1386 2594 20
1412 2563 1553 2594 maxime
1575 2562 1609 2595 G.
1652 2562 1662 2605 Η

248 2608 272 2639 ll
306 2619 338 2639 et
361 2610 400 2649 P,
434 2620 496 2641 om.
525 2608 593 2642 GV.
646 2609 657 2652 Η
711 2610 751 2641 23
781 2610 916 2642 falcidia
940 2612 978 2642 P.
1022 2610 1032 2652 Η
1074 2610 1117 2641 24
1147 2608 1287 2650 deliquit
1304 2608 1348 2640 l'.
1390 2606 1399 2648 Η
1443 2608 1482 2639 25
1511 2608 1660 2640 inoffieio

247 2653 283 2683 P.
333 2653 342 2696 Η
392 2655 433 2686 26
460 2656 536 2695 quia
561 2666 624 2687 om.
649 2654 685 2687 G.
738 2655 749 2699 Η
798 2657 880 2698 quod
902 2656 978 2696 ΙἸ),
1003 2666 1067 2688 om.
1088 2654 1144 2695 θα,
1170 2654 1269 2686 etiam
1303 2654 1387 2695 quod
1414 2652 1466 2685 G'n
1521 2653 1531 2695 Η
1585 2654 1661 2685 dote

248 2698 316 2729 1²1⁷
363 2698 372 2730 Η
414 2702 482 2738 aut]
510 2701 562 2732 uel
580 2700 655 2732 PV.

1690 846 1732 880 10

1681 970 1706 989 a.
1725 963 1777 988 223

1690 1125 1731 1159 15

1689 1357 1730 1391 19

1679 1426 1703 1444 a.
1723 1419 1774 1444 223

1686 1696 1729 1730 25
