1823 3016
652 129 769 133 —
832 104 915 145 297
978 129 1094 132 —
1298 115 1574 142 PAvmixs'rir.

161 223 432 274 tranquillitas,
464 223 553 274 quia
585 223 830 261 commodius
861 228 919 261 est
949 222 1036 260 lites
1068 223 1224 273 pacifice
1256 223 1426 269 delinire,
1460 238 1574 274 quam

160 280 234 319 sub
265 279 447 330 ambiguo
481 280 691 319 certamine
722 279 1008 331 dispendiosam
1041 286 1265 330 exspectare
1296 280 1512 319 uictoriam.

249 344 349 386 Haec,
375 355 457 387 quae
484 356 579 387 quam
603 345 744 377 maxime
771 355 789 376 a
814 344 990 386 Papiniani
1008 343 1193 386 Responsis
1219 344 1401 376 abhorrere
1427 351 1576 387 apparet,

157 399 316 431 uidentur
345 409 388 430 ex
419 399 563 431 alicuius
598 398 855 431 constitutionis
882 398 1052 440 prooemio
1079 398 1246 440 descripta
1274 409 1359 430 esse.
1408 410 1470 440 quo
1498 410 1576 430 casu

159 463 197 486 ea
222 452 399 496 Papiniani
426 463 623 496 responsum
650 463 691 485 ex
717 453 818 484 titulo
844 452 978 484 laudato
1006 452 1060 490 (de
1095 453 1201 494 pactis
1228 452 1331 483 scribi
1357 452 1485 493 debuit,
1511 464 1575 484 non

158 509 197 540 de
223 508 459 540 donationibus
488 509 580 541 inter
604 508 712 539 uirum
739 513 772 539 et
795 517 948 547 uxorem,
974 508 1013 538 de
1043 506 1162 549 quibus
1188 506 1391 549 Papinianus
1417 507 1505 539 libro
1533 507 1575 539 1x'

158 573 395 605 responsorum
421 563 506 604 egit)
532 566 724 605 excerptum
752 562 958 604 expulerint,
985 561 1053 593 dici
1078 572 1142 593 non
1170 566 1292 604 potest.

268 818 460 868 PAVLI
510 816 1024 867 INSTITVTIONVM
1078 817 1468 868 FRAGMENTA

618 897 1111 947 BRVXELLENSIA

245 987 280 1020 In
313 988 553 1020 commentario
585 988 715 1020 inedito
741 988 774 1019 in
799 987 975 1020 Ciceronis
1002 989 1040 1019 de
1068 987 1263 1020 quentione
1289 989 1396 1020 libros
1422 999 1441 1020 a
1466 989 1573 1020 Theo-

158 1044 273 1076 dorico
299 1044 353 1075 uel
371 1042 579 1075 Theoderico
606 1043 717 1085 aliquo
743 1047 893 1085 tempore
919 1043 1019 1075 medii
1045 1044 1130 1084 quod
1148 1043 1275 1075 dicitur
1293 1045 1370 1076 aeui
1389 1045 1573 1086 composito

154 1098 315 1138 leguntur
340 1098 403 1129 duo
430 1097 498 1129 loci
523 1097 564 1129 ad
581 1096 679 1129 Pauli
704 1096 940 1129 Institutiones
966 1102 1168 1139 spectantes,
1194 1108 1275 1139 quos
1301 1099 1462 1130 sollerter
1480 1099 1575 1130 inda-

153 1152 250 1193 gauit
284 1151 320 1183 P.
350 1151 494 1184 Thomas
531 1150 706 1194 professor
742 1152 984 1184 uniuersitatis
1023 1150 1256 1184 Gandauensis
1293 1158 1326 1183 et
1363 1163 1447 1184 anno
1488 1153 1573 1184 1578

153 1206 280 1249 publici
310 1207 397 1238 iuris
427 1204 510 1238 fecit
535 1206 568 1238 in
594 1205 708 1238 Revue
734 1207 773 1238 de
799 1206 1033 1238 l⁷instruction
1060 1206 1216 1249 publique
1243 1217 1283 1239 en
1310 1207 1468 1249 Belgique
1494 1212 1573 1239 tom.

152 1259 236 1293 XXI
261 1272 291 1303 p.
310 1262 352 1293 30
379 1271 446 1304 seq.
494 1262 598 1302 liber,
632 1262 717 1292 unde
744 1260 887 1293 Thomas
912 1261 995 1293 haec
1020 1261 1148 1293 inedita
1173 1261 1304 1301 hausit,
1338 1262 1484 1304 scriptus
1509 1261 1572 1294 XII

153 1315 290 1347 saeculo
316 1316 519 1348 adservatur
542 1316 575 1347 in
595 1316 796 1348 bibliotheca
815 1315 1032 1347 Bruxellensi
1051 1314 1297 1357 (Bibliotbeque
1316 1316 1356 1347 de
1374 1317 1571 1357 Bourgogne

152 1380 239 1402 num.
269 1370 413 1411 10057)‚
448 1369 636 1411 fragmenta
661 1370 743 1412 ipsa,
782 1379 865 1411 quae
891 1374 1045 1411 spectant
1076 1370 1117 1401 ad
1143 1370 1210 1401 Cic.
1238 1369 1277 1400 de
1303 1368 1372 1400 inu.
1398 1370 1430 1410 2,
1451 1370 1500 1401 19.
1530 1370 1572 1402 20

153 1423 174 1466 ξ
193 1423 245 1456 58.
274 1424 315 1456 59
340 1424 501 1464 leguntur
527 1425 560 1456 iu
586 1423 646 1456 fol.
673 1424 739 1456 24r
761 1423 826 1455 col.
845 1424 875 1455 6.
925 1425 1027 1455 uerba
1057 1424 1164 1466 ipsius
1189 1423 1396 1456 Theodorici
1422 1424 1572 1456 indicant

152 1477 249 1510 Pauli
274 1478 528 1511 institutionum
553 1483 748 1510 contextum
773 1489 837 1510 non
863 1479 903 1510 ad
927 1479 1068 1510 uerbum
1094 1478 1301 1520 exscriptum
1327 1488 1410 1509 esse.

850 1578 865 1615 I

267 1644 491 1683 Secundum
513 1644 676 1682 Paulum
709 1644 749 1682 in
780 1643 888 1682 libris
910 1643 1206 1682 Institutionum
1230 1643 1401 1695 accipere
1422 1656 1568 1682 nomen

151 1707 258 1740 extra
289 1701 467 1739 ordinem
499 1700 554 1739 sic
585 1713 767 1739 accusare
798 1700 979 1751 aliquem,
1012 1707 1054 1739 ut
1085 1707 1262 1751 oporteat
1291 1713 1380 1738 eum
1404 1713 1569 1751 respon-

151 1758 242 1797 dere
288 1758 370 1797 sine
409 1764 590 1809 respectu
635 1758 708 1796 loci
755 1757 941 1808 temporis
981 1757 1217 1795 condicionis
1264 1757 1474 1808 dignitatis.
1536 1757 1569 1796 si

151 1815 238 1865 quis
270 1815 373 1853 enim
407 1822 611 1853 accusetur
642 1814 689 1853 de
720 1821 844 1853 morte
875 1813 996 1865 patris
1027 1820 1094 1852 aut
1126 1814 1171 1852 de
1202 1826 1266 1860 eo,
1306 1814 1409 1865 quod
1440 1814 1568 1852 domi-

150 1883 247 1910 num
280 1873 399 1910 morti
432 1871 581 1910 tradere
612 1871 793 1916 uoluerit,
827 1871 1021 1922 oportebit
1052 1883 1140 1909 eum
1174 1870 1258 1909 sine
1288 1876 1465 1922 respectu
1497 1870 1568 1909 ali-

151 1928 262 1967 cuius
307 1929 447 1967 horum
487 1928 722 1979 respondere
760 1928 905 1978 absque
943 1927 1125 1966 dilatione
1162 1927 1321 1966 cuilibet
1359 1927 1568 1979 appellanti

150 1985 273 2024 illum.
334 1997 425 2023 nam
470 1986 511 2023 in
556 1997 790 2035 quocunque
835 1985 919 2023 loco
966 1997 1056 2023 eum
1101 1984 1353 2036 appellauerit
1398 1984 1481 2023 siue
1526 1984 1566 2022 in

151 2054 384 2092 quocunque
431 2048 629 2092 tempore,
676 2042 943 2092 cuiuscunque
985 2040 1180 2092 dignitatis
1216 2041 1353 2087 fuerit,
1397 2041 1479 2080 siue
1517 2041 1567 2079 sit

150 2111 290 2137 seruus
336 2099 418 2138 siue
463 2098 576 2145 liber,
623 2098 818 2150 oportebit
861 2111 950 2137 eum
988 2098 1224 2149 respondere
1261 2098 1323 2137 uel
1362 2098 1567 2136 defendere

150 2168 191 2194 se
223 2155 367 2202 statim,
400 2168 515 2206 quam
546 2155 622 2194 cito
653 2155 867 2207 appellatus
900 2154 1029 2194 fuerit.

837 2247 871 2285 Il

264 2313 489 2352 Secundum
536 2313 700 2352 Paulum
751 2312 790 2351 in
843 2313 979 2352 eodem
1030 2314 1129 2352 libro
1180 2311 1461 2364 praeiudicium
1506 2319 1566 2351 est

151 2377 348 2409 accusanti
379 2376 509 2408 reatus
541 2376 629 2408 ante
661 2382 830 2408 causam.

241 2510 259 2542 3
285 2512 411 2549 (extra]
437 2509 489 2550 Cb,
515 2520 557 2542 ex
579 2509 632 2542 Ca.
674 2508 684 2550 Η
727 2510 786 2549 sic]
815 2510 982 2549 significat
1006 2509 1205 2541 Mommsen.
1248 2508 1258 2550 Η
1300 2508 1318 2538 7
1344 2507 1480 2549 absque]
1510 2506 1565 2545 Ca,

150 2556 223 2587 sine
259 2556 370 2598 aliqua
403 2554 443 2587 Cb
479 2558 616 2593 (manns
647 2555 801 2594 alterato.
854 2554 864 2597 Η
919 2555 1101 2587 cuiuslibet
1132 2554 1322 2596 appellandi
1351 2552 1404 2584 Ca,
1458 2551 1502 2593 lls
1524 2553 1564 2584 10

150 2634 290 2657 seuerus
317 2624 370 2657 Ca.
423 2623 433 2667 ΙΙ
488 2626 525 2657 11
560 2625 664 2667 quam]
699 2605 728 2665 q.
760 2625 819 2663 (=
843 2625 920 2666 qua)
949 2623 982 2656 C.
1035 2623 1048 2666 fl
1103 2625 1143 2657 14
1176 2624 1327 2655 accusati
1353 2622 1393 2654 Cb
1425 2624 1564 2661 (manns

150 2670 281 2710 altera),
307 2670 354 2712 cf.
385 2669 448 2702 Cic.
474 2670 513 2702 de
536 2670 612 2702 Ina.
638 2670 669 2711 2,
695 2669 748 2709 20,
774 2670 826 2701 59.

1596 2109 1639 2142 10
