1823 3016
692 175 809 178 ,-
875 150 956 191 165
1019 174 1136 179 ἡ
1270 161 1464 188 connA'rro
1485 155 1519 193 8,
1538 165 1617 190 3-6.

56 275 93 314 8,
118 286 177 317 3,1
259 279 400 306 PAVLVS
441 267 539 306 libro
571 267 855 307 sententiarum
888 268 1024 321 quinto
1056 268 1129 308 sub
1161 268 1274 308 titulo
1306 269 1352 308 de
1385 270 1548 310 testibus
1580 278 1618 312 et

363 324 409 363 de
440 325 754 374 quaestionibus:

317 380 375 426 Hi,
422 382 488 431 qui
535 382 628 420 falso
671 383 732 421 uel
764 382 869 421 uarie
901 382 1122 422 testimonia
1155 382 1337 422 dixerunt
1369 383 1430 421 uel
1462 384 1616 435 utrique

199 436 300 489 parti
332 437 600 489 prodiderunt,
647 445 713 478 aut
758 440 796 477 in
839 439 997 478 exilium
1043 445 1213 490 aguntur
1257 446 1324 479 aut
1368 440 1408 479 in
1445 440 1612 479 insulam

197 495 418 545 relegantur
448 502 515 534 aut
546 495 651 534 curia
683 496 984 535 submouentur.

51 557 89 597 8,
113 569 173 599 4,1
253 564 346 590 man
382 551 480 590 libro
518 553 813 602 [sententiarum
855 553 991 604 quinto
1024 553 1095 592 sub
1128 553 1253 604 titulo]
1283 553 1330 592 ad
1360 552 1484 604 legem
1517 553 1613 593 Cor-

357 608 496 647 neliam
530 609 576 648 de
607 610 740 648 sicaris
773 617 810 649 et
842 609 1047 649 ueneficis:

310 665 387 704 Lex
419 665 594 705 Cornelia
617 679 781 718 poenam
805 666 1086 718 deportationis
1109 666 1246 717 infligit
1267 667 1301 705 ei
1323 666 1389 718 qui
1412 666 1610 705 hominem

192 721 379 761 occiderit
421 723 581 774 eiusque
620 723 674 762 rei
712 736 825 762 causa
863 724 1006 763 furtiue
1045 724 1208 763 faciendi
1245 736 1334 763 cum
1373 724 1448 763 telo
1480 724 1610 767 fuerit,

192 786 232 817 et
276 779 343 830 qui
382 792 577 818 uenenum
624 780 793 819 hominis
833 781 994 820 necandi
1033 793 1146 820 causa
1178 781 1359 820 habuerit
1390 781 1610 820 uendiderit

192 836 400 887 parauerit,
448 837 639 876 falsumne
683 837 953 876 testimonium
999 837 1140 877 dixerit
1188 851 1265 889 quo
1316 838 1404 889 quis
1454 838 1609 889 periret,

155 906 173 930 2
194 892 385 932 mortisue
411 906 565 932 causam
589 894 836 945 praestiterit.
888 907 985 945 quae
1007 895 1137 934 onmia
1159 896 1328 934 facinora
1349 896 1388 934 in
1411 895 1612 934 honestio-

191 961 255 988 res
301 962 424 1001 poena
466 950 601 1002 capitis
644 950 833 990 uindicari
872 951 1036 1002 placuit:
1084 951 1313 991 humiliores
1351 964 1443 991 uero
1474 959 1542 991 aut
1571 952 1611 990 in

191 1018 349 1045 crucem
384 1007 574 1046 tolluntur
605 1015 671 1046 aut
702 1007 837 1046 bestiis
869 1007 1127 1047 subiciuntur.

43 1064 82 1105 8,
106 1077 168 1107 5,1
251 1076 393 1102 PAVLVS
436 1064 536 1102 libro
593 1064 875 1103 sententiarum
926 1065 1062 1115 quinto
1114 1064 1186 1104 sub
1237 1064 1350 1103 titulo
1393 1064 1438 1103 ad
1485 1065 1608 1116 legem

355 1119 571 1159 Corneliam
605 1121 958 1159 testamentariam:

305 1176 381 1223 Qui
426 1177 474 1215 ob
511 1177 650 1216 falsum
684 1177 953 1216 testimonium
986 1177 1272 1230 perhibendum
1304 1177 1509 1229 pecuniam
1542 1190 1610 1217 ac-

185 1233 335 1284 ceperit
365 1233 524 1279 dederit,
566 1234 787 1274 iudicemue
832 1240 876 1274 ut
915 1235 1148 1274 sententiam
1180 1236 1278 1274 ferat
1308 1235 1370 1273 uel
1400 1247 1479 1273 non
1511 1235 1611 1273 ferat

184 1289 408 1341 corruperit
424 1291 810 1343 corrumpendumue
827 1292 1034 1339 curauerit,
1053 1292 1280 1331 humiliores
1296 1291 1420 1343 capite
1435 1291 1609 1343 puniun-

187 1351 264 1391 tur,
294 1347 535 1387 honestiores
580 1348 785 1400 publicatis
830 1349 941 1388 bonis
972 1362 1062 1388 cum
1093 1349 1178 1400 ipso
1209 1348 1335 1388 iudice
1366 1348 1406 1387 in
1437 1349 1606 1388 insulam

184 1403 456 1455 deportantur.

0 1502 1 1518 ἶ
39 1460 78 1505 8,
101 1472 162 1504 6,1
243 1473 336 1499 mim
367 1461 500 1500 eodem
533 1461 632 1501 libro
664 1468 702 1501 et
732 1462 864 1501 titulo:

299 1517 454 1557 Falsum
502 1525 560 1558 est
601 1519 791 1571 quidquid
821 1520 863 1558 in
900 1518 1062 1559 ueritate
1098 1531 1177 1558 non
1210 1524 1279 1566 est,
1312 1519 1379 1558 sed
1410 1531 1481 1571 pro
1515 1531 1607 1558 uero

183 1574 451 1614 adseueratur.

322 1690 340 1722 3
366 1705 410 1716 Ξ
435 1689 564 1723 Paulus
589 1691 620 1731 5,
648 1691 700 1731 15,
727 1691 745 1721 5
771 1693 800 1722 et
823 1690 902 1734 Dig.
930 1691 984 1732 22,
1010 1692 1040 1730 5,
1069 1691 1120 1723 16.

320 1737 340 1768 4
366 1750 408 1763 =
434 1736 565 1768 Paulus
590 1736 621 1777 5,
647 1736 701 1778 23,
730 1737 744 1768 1
771 1739 804 1768 et
828 1747 933 1780 supra
961 1738 989 1776 1,
1015 1736 1045 1769 2.

324 1782 342 1813 5
367 1797 411 1808 =
436 1781 565 1814 Paulus
591 1783 621 1821 5,
647 1782 702 1822 25,
728 1782 758 1814 2.

319 1827 338 1858 6
363 1827 439 1859 hinc
465 1830 542 1860 rest.
568 1827 699 1859 Paulus
724 1829 754 1868 5,
780 1827 836 1869 25,
861 1827 891 1860 3.

998 1901 1103 1911 ΜΛ,

275 1948 288 1980 1
319 1949 436 1990 paulus
470 1949 559 1981 libro
593 1950 697 1989 (liber
722 1949 764 1989 B)
797 1955 882 1983 sent.
919 1961 948 1993 q.
974 1951 1034 1982 sub
1068 1951 1185 1990 titulo]
1211 1951 1298 1982 idem
1325 1947 1383 1989 W,
1415 1959 1478 1981 om.
1506 1948 1550 1981 V.
1591 1949 1604 1987 ΙΙ

176 1998 215 2025 et
239 1994 279 2024 de
304 1999 432 2036 quaest.
460 2004 522 2026 om.
543 1995 683 2027 Paulus.
718 1994 729 2038 ΙΙ
764 1995 782 2027 3
809 1996 842 2028 hi
867 2006 931 2028 om.
951 1996 1082 2029 Paulus
1099 1999 1131 2028 et
1155 1996 1236 2040 Dtg.
1271 1995 1282 2038 ss
1315 1995 1402 2027 falso
1424 1995 1479 2027 uel
1497 1995 1602 2034 uarie]

182 2039 329 2079 Paulus,
355 2038 476 2072 falsum
508 2041 565 2072 uel
590 2041 702 2083 aliqua
729 2041 818 2074 libri.
860 2040 872 2084 ss
906 2042 1057 2074 dixerint
1077 2040 1134 2083 W,
1163 2042 1290 2074 dixerit
1308 2041 1350 2074 V.
1395 2040 1405 2083 ΙΙ
1446 2041 1603 2072 utriusuc

176 2084 217 2116 B.
259 2084 270 2126 1]
304 2086 324 2116 4
351 2085 565 2127 prodiderint
584 2085 640 2118 W.
676 2085 686 2128 Η
720 2092 778 2118 aut
803 2087 836 2119 in
864 2088 1004 2120 exilium
1031 2113 1038 2119 .
1058 2112 1066 2119 .
1086 2113 1093 2120 .
1111 2088 1363 2126 submouentur]
1391 2098 1408 2119 a
1433 2086 1604 2118 iudicibus

175 2131 927 2220 {12¹5}⁸322}ssss0pu¹2¹211¹13²52tssfflftidlfflssg'
942 2131 1047 2219 (saffi-
1067 2132 1100 2211 ΒΗ
1117 2131 1416 2220 ῖηῗῖῗῖἳιξῖξηῖγρ)
1437 2131 1477 2209 {ld
1492 2132 1604 2217 ¹123}ss

175 2221 269 2262 (lege
296 2221 323 2253 B
339 2221 423 2262 ind.)
450 2223 634 2255 corneliam
662 2224 824 2262 (cornelia
849 2224 878 2256 B
902 2224 971 2258 ind.
991 2225 1041 2263 V)
1069 2226 1108 2256 de
1134 2235 1161 2257 s.
1190 2229 1224 2257 et
1249 2224 1408 2256 beneficis
1434 2223 1530 2262 (-ciis
1551 2222 1603 2263 V)

173 2266 267 2299 libri.
297 2265 308 2309 11
339 2267 357 2299 8
384 2268 547 2308 cornelia]
578 2269 768 2310 corporalia
792 2269 829 2301 B.
861 2268 872 2313 Η
903 2280 1007 2313 poena
1040 2269 1096 2303 W.
1127 2269 1137 2310 ΙΙ
1171 2270 1281 2310 infigit
1299 2269 1373 2302 BV.
1403 2269 1460 2309 119
1486 2269 1602 2300 eiusue

175 2312 307 2345 Paulus
323 2316 421 2345 recte.
442 2312 452 2355 Η
472 2313 619 2356 furtique
637 2314 676 2346 B.
695 2313 706 2357 Η
727 2317 767 2348 10
784 2316 989 2355 uendiderit]
1008 2321 1043 2348 et
1067 2327 1098 2349 u.
1119 2315 1175 2351 W.
1193 2316 1206 2357 Η
1227 2317 1263 2348 11
1285 2315 1463 2354 falsumne]
1481 2313 1603 2346 falsum

176 2356 271 2390 VW.
313 2356 324 2400 ΙΙ
365 2361 440 2401 quo]
469 2360 553 2402 quod
574 2358 630 2392 W.
672 2358 683 2403 ll
720 2360 759 2394 12
785 2361 959 2401 mortisue]
986 2363 1106 2394 mortis
1132 2372 1212 2394 suae
1230 2361 1302 2394 BV.
1345 2360 1355 2403 ΙΙ
1398 2361 1436 2393 13
1465 2370 1602 2402 poenam

176 2401 272 2435 VW.
314 2403 325 2446 Η
366 2405 542 2436 uindicare
573 2405 660 2437 libri.
709 2404 719 2448 [Ι
770 2407 810 2439 14
835 2417 935 2439 cruce
961 2406 1002 2440 V.
1045 2406 1056 2448 ΙΙ
1099 2408 1292 2440 obiciuntur
1322 2405 1462 2438 Paulus.
1506 2405 1517 2449 ΙΙ
1562 2406 1600 2439 15

174 2449 296 2489 paulus
331 2449 420 2481 libro
459 2450 560 2491 <liber
594 2451 634 2490 B)
661 2457 746 2483 sent.
772 2463 792 2483 u
817 2452 974 2494 (quinque
1012 2451 1078 2494 W)
1104 2464 1129 2485 s.
1155 2458 1179 2485 t.
1202 2453 1243 2485 ad
1269 2453 1301 2491 (a
1326 2451 1355 2484 B
1383 2450 1467 2489 ind.)
1492 2451 1601 2492 legem

169 2493 267 2534 (lege
292 2494 322 2527 B
345 2494 427 2536 ind.)
446 2507 473 2527 c.
489 2497 779 2529 testamentariam
796 2498 883 2536 (-ria
902 2497 954 2538 B)]
972 2497 1061 2539 BW,
1087 2499 1204 2542 paulus
1225 2497 1292 2538 Vb,
1318 2498 1405 2529 idem
1424 2495 1487 2529 Va.
1518 2495 1528 2540 ΙΙ
1562 2498 1600 2528 17

173 2538 246 2580 qui]
269 2539 410 2582 Paulus,
436 2541 488 2573 his
514 2542 568 2583 qui
589 2540 646 2583 W,
671 2542 703 2574 hi
731 2543 786 2584 qui
805 2542 848 2583 V,
884 2544 933 2575 hii
958 2544 1014 2586 qui
1038 2544 1075 2576 B.
1118 2544 1130 2586 fl
1168 2546 1244 2586 post
1269 2543 1508 2586 perhibendum
1533 2544 1597 2574 ins.

174 2584 231 2614 uel
256 2595 372 2617 uerum
398 2597 462 2618 non
489 2587 726 2630 perhibendum
752 2588 890 2621 Paulus.
937 2587 949 2632 ΙΙ
990 2590 1131 2632 pecunia
1150 2589 1193 2622 V.
1243 2588 1253 2632 ΙΙ
1302 2588 1341 2621 18
1367 2597 1407 2619 ue
1432 2590 1481 2627 ut]
1507 2588 1601 2620 uelut

174 2627 220 2661 V.
260 2627 272 2672 fl
305 2631 343 2662 19
363 2638 562 2675 corruperat
582 2632 622 2666 V.
654 2632 665 2676 ΙΙ
696 2638 791 2675 capte
808 2633 845 2665 B.
875 2633 885 2676 Η
916 2634 958 2667 20
983 2636 1054 2677 ipso
1089 2635 1232 2668 iudicem
1250 2634 1289 2674 B,
1319 2634 1426 2676 ipsum
1455 2633 1599 2665 iudicem

175 2672 236 2706 W.
271 2673 284 2716 Η
319 2676 359 2708 21
399 2677 634 2720 deportantur]
659 2678 801 2719 Paulus,
827 2680 1037 2722 deponantur
1061 2680 1151 2713 libri.
1192 2679 1203 2723 ΙΙ
1245 2680 1286 2712 23
1311 2678 1418 2712 falsus
1443 2679 1471 2711 B
1501 2679 1599 2720 (ind.)

173 2716 192 2762 ss
221 2721 401 2754 ueritatem
421 2722 462 2756 V.
497 2722 508 2766 ΙΙ
542 2724 585 2756 24
610 2735 727 2757 uerum
752 2725 789 2757 Β.

1640 495 1661 529 5

1642 779 1683 813 lO

1640 1064 1681 1098 15

1634 1348 1678 1382 20
