1823 3016
688 200 804 204 —-
870 175 951 214 175
1013 197 1131 201 --
1245 181 1438 208 concavo
1461 172 1512 214 11,
1535 182 1614 208 7—3.

198 294 295 346 ‘quis
334 300 411 333 tam
449 299 565 333 notus
602 299 639 332 et
672 299 748 332 tam
782 293 910 345 grauis
942 292 980 330 in
1012 291 1200 342 abigendo
1232 290 1316 336 fuit,
1357 296 1400 328 ut
1429 290 1537 341 prius
1569 304 1615 329 ex

198 352 284 390 ‘hoc
315 350 478 390 crimine
510 350 635 401 aliqua
666 363 789 401 poena
821 351 980 389 affectus
1012 349 1073 391 sit,
1105 348 1210 387 hunc
1241 347 1279 385 in
1311 347 1510 385 metallum
1534 347 1616 386 dari

60 407 419 460 11‚7,3‘oportere⁷.
479 407 712 458 rescriptum
752 407 831 446 diui
864 405 1045 445 Hadriani
1077 405 1132 444 sic
1161 404 1346 455 loquitur,
1387 403 1497 454 quasi
1529 417 1617 454 gra-

197 465 282 504 uior
318 477 440 517 poena
473 464 522 503 sit
554 464 715 503 metalli:
755 464 830 503 nisi
861 466 961 503 forte
992 463 1065 501 hoc
1096 461 1217 501 sensit
1248 460 1364 500 diuus
1398 460 1614 499 Hadrianus

159 521 308 573 4gladii
345 532 509 573 poenam
550 521 712 559 dicendo
752 521 830 560 ludi
871 519 1173 559 damnationem.
1234 524 1294 556 est
1335 523 1465 556 autem
1504 517 1614 556 diffe-

196 578 319 618 rentia
356 579 458 617 inter
494 591 559 617 eos
601 578 665 629 qui
698 578 742 616 ad
786 578 953 629 gladium
992 582 1030 615 et
1065 589 1130 615 eos
1162 575 1228 627 qui
1261 574 1305 614 ad
1336 574 1472 613 ludum
1505 574 1616 613 dam-

195 642 360 674 nantur:
394 648 482 674 nam
516 635 561 674 ad
594 635 759 686 gladium
794 634 966 673 damnati
997 632 1202 673 confestim
1236 637 1524 671 consumuntur
1554 631 1616 670 uel

196 699 299 731 certe
337 692 437 731 intra
470 705 616 730 annum
650 691 791 730 debent
821 690 1018 730 consumi:
1058 691 1130 729 boc
1161 689 1263 728 enim
1298 688 1489 727 mandatis
1521 700 1617 726 con-

196 750 355 788 tinetur.
407 749 608 788 enimuero
641 749 706 799 qui
737 749 776 787 in
808 749 943 787 ludum
977 749 1224 791 damnantur,
1256 758 1334 784 non
1365 745 1499 796 utique
1520 758 1617 784 con-

197 813 410 845 sumuntur
446 806 511 845 sed
552 806 666 844 etiam
700 805 846 857 pilleari
883 812 921 844 et
957 805 1092 844 rudem
1130 803 1302 855 accipere
1334 810 1498 854 possunt
1529 809 1617 853 post

196 863 460 907 interuallum,
479 862 668 914 siquidem
689 862 1100 914 postquinquennium
1120 860 1278 912 pilleati,
1296 867 1385 912 post
1403 859 1615 898 triennium

162 927 327 959 ⁵autem
372 920 507 958 rudem
546 919 707 958 induere
744 919 798 958 eis
835 919 1088 970 permittitur.
1149 918 1284 956 eodem
1317 917 1506 968 rescripto
1538 915 1618 954 diui

198 977 379 1016 Hadriani
407 976 703 1027 diligentissime
735 988 960 1027 expressum
993 983 1053 1014 est
1083 988 1161 1013 non
1194 973 1337 1025 ubique
1369 986 1500 1026 parem
1533 985 1619 1011 esse

198 1046 362 1086 poenam
402 1033 639 1084 abigeorum.

57 1092 181 1132 ll›s,1
258 1091 364 1129 Idem
397 1102 577 1128 vnpmnvs
608 1089 705 1127 libro
738 1095 776 1127 et
807 1088 920 1127 titulo
951 1088 1018 1138 qui
1049 1100 1188 1139 supra:

311 1147 441 1197 Abigei
473 1153 600 1185 autem
641 1145 796 1197 proprie
833 1145 872 1183 hi
909 1145 1114 1190 habentur,
1148 1143 1215 1195 qui
1246 1155 1385 1195 pecora
1417 1156 1463 1182 ex
1503 1149 1618 1194 pastu

198 1210 236 1242 et
271 1217 316 1242 ex
354 1203 542 1242 armentis
583 1203 821 1241 subtrabunt
858 1208 896 1241 et
934 1200 1223 1253 quodammodo
1265 1200 1552 1252 depraedantur
1583 1207 1621 1239 et

196 1260 321 1311 abigei
366 1260 539 1299 studium
588 1259 699 1310 quasi
739 1265 862 1297 artem
906 1264 1087 1297 exercent
1117 1270 1239 1309 equos
1271 1257 1316 1296 de
1347 1256 1528 1308 gregibus
1557 1257 1620 1295 uel

196 1317 317 1356 boues
348 1317 395 1356 de
425 1316 612 1356 armentis
644 1316 893 1355 abducentes.
944 1321 1117 1355 ceterum
1151 1314 1184 1353 si
1214 1314 1301 1365 quis
1333 1314 1474 1353 bouem
1507 1313 1620 1352 aber-

196 1381 346 1413 rantem
390 1374 453 1412 uel
493 1386 636 1425 equum
676 1373 714 1411 in
752 1373 962 1412 solitudine
993 1372 1209 1417 abduxerit,
1248 1384 1326 1410 non
1358 1377 1417 1410 est
1446 1370 1618 1422 abigeus,

161 1439 176 1462 2
198 1431 264 1470 sed
296 1433 358 1469 fur
388 1430 531 1482 potius.
584 1431 650 1469 sed
682 1436 720 1469 et
750 1429 817 1481 qui
848 1442 1010 1481 porcum
1046 1429 1105 1468 uel
1138 1441 1292 1480 capram
1324 1428 1386 1467 uel
1413 1428 1620 1466 uerbecem

198 1488 408 1534 abducunt,
450 1500 529 1526 non
568 1494 646 1526 tam
686 1487 856 1538 grauiter
895 1493 936 1525 ut
967 1486 1006 1525 bi
1043 1486 1110 1537 qui
1153 1485 1296 1524 maiora
1326 1484 1506 1524 animalia
1538 1484 1622 1523 abi-

161 1554 178 1578 3
199 1551 296 1596 gunt
317 1544 431 1596 plecti
453 1544 607 1583 debent.
644 1556 881 1595 quamquam
905 1549 1034 1582 autem
1057 1543 1272 1581 Hadrianus
1295 1542 1438 1581 metalli
1455 1554 1621 1593 poenam

198 1602 410 1653 temporari
442 1601 502 1641 uel
533 1601 649 1640 etiam
673 1601 784 1652 gladii
806 1600 1082 1652 praestituerit‚
1115 1606 1286 1639 attamen
1309 1599 1376 1650 qui
1398 1598 1622 1638 honestiore

290 1724 316 1744 c.
343 1712 361 1744 8
379 1728 422 1737 z
440 1711 520 1753 mg.
548 1711 603 1751 47,
634 1712 684 1750 14,
713 1711 809 1744 1—4.

255 1806 313 1812 2212*
320 1805 843 1812 μω»,ηνψΛΙ-φΛι-,η-ΓἈΝΆἎΓΆ»Λήκρφκῆη
853 1805 879 1811 „2
892 1805 915 1811 -.-
924 1805 944 1811 >s
952 1805 973 1811 f«
984 1805 995 1811 μ
1008 1805 1013 1807 —
1020 1804 1081 1811 »ss—:s
1088 1804 1273 1810 <ssfsxssfsfae
1280 1804 1357 1809 rssxs
1366 1804 1373 1805 ff
1380 1802 1421 1809 “fx
1432 1803 1439 1806 =
1446 1804 1450 1807 ›
1464 1802 1537 1809 —‹>aex*>
1545 1802 1561 1808 ὐ
1569 1804 1571 1807 »
1578 1802 1588 1807 ‘³
1596 1802 1622 1808 -Λ

291 1882 308 1912 2
335 1881 488 1914 adfertur
508 1881 550 1914 V.
591 1881 601 1923 Η
639 1882 657 1913 3
683 1882 844 1934 iescripti
864 1881 921 1914 W.
956 1882 965 1911 l
1001 1883 1020 1913 4
1048 1892 1150 1924 poena
1170 1881 1207 1921 Β,
1234 1891 1335 1923 paena
1358 1880 1402 1912 V.
1436 1879 1445 1921 Η
1482 1881 1500 1911 5
1526 1880 1621 1912 diffe-

200 1929 342 1960 tentiam
362 1928 388 1959 Β
418 1926 428 1970 Η
447 1928 467 1960 6
493 1933 528 1959 et
553 1938 610 1960 eos
635 1928 691 1969 qui
717 1929 755 1959 ad
782 1928 895 1960 luduin
921 1930 999 1959 ante
1023 1933 1074 1959 est
1098 1933 1207 1959 autem
1228 1927 1270 1958 Ι.
1290 1925 1299 1967 Η
1321 1928 1495 1958 damnatur
1510 1925 1551 1957 Ι.
1573 1924 1582 1944 l
1604 1927 1621 1958 S

199 1974 299 2005 debet
317 1972 406 2013 BW,
421 1983 485 2005 om.
509 1973 551 2005 V.
571 1972 580 2015 Η
600 1974 776 2012 mandatis]
792 1974 963 2010 Pithoeus
982 1973 1247 2005 damnatislibrt
1271 1972 1280 2015 Η
1301 1973 1453 2004 eludunt
1473 1970 1529 2003 W.
1551 1972 1560 2013 Η
1586 1974 1623 2004 10

200 2019 350 2060 pillea1ii
370 2018 412 2051 V.
448 2018 458 2061 Η
495 2020 532 2052 11
561 2019 789 2058 interuallum]
815 2018 1021 2058 Lachmann,
1046 2019 1247 2061 inteipalani
1270 2018 1304 2058 Β,
1329 2018 1511 2060 interpella
1529 2017 1546 2049 Ι
1555 2015 1622 2049 ΙΓ.Ι

203 2064 214 2106 Η
255 2065 372 2106 pillari
395 2064 438 2096 V.
493 2065 503 2107 Η
558 2065 596 2097 12
629 2065 742 2096 rudem
774 2065 949 2105 indulgere
970 2064 1029 2101 Vb,
1067 2065 1148 2096 rude
1175 2066 1322 2106 ibatuere
1355 2062 1562 2095 Lachmann.
1614 2062 1625 2100 Η

200 2110 380 2151 rescripto]
412 2110 463 2141 bel
494 2110 622 2152 scripto
647 2110 675 2142 B
700 2110 809 2150 (ind),
846 2111 971 2153 scripto
991 2109 1085 2142 VW.
1139 2109 1148 2151 Η
1205 2110 1243 2143 13
1270 2114 1398 2152 patrem
1418 2107 1474 2141 W.
1528 2106 1538 2149 Η
1585 2109 1623 2140 14

198 2172 313 2203 ponam
336 2160 392 2193 W.
438 2160 448 2203 Η
497 2161 535 2193 15
560 2161 660 2201 idem]
686 2162 712 2194 Β
737 2161 835 2202 (ind.)
854 2161 910 2201 W,
935 2163 1015 2194 item
1044 2162 1069 2194 B
1094 2163 1211 2199 (tem.)
1236 2161 1278 2193 V.
1322 2160 1331 2203 Η
1375 2160 1461 2192 liber
1487 2164 1521 2192 et
1543 2153 1578 2192 ff
1597 2160 1626 2191 B

197 2206 312 2247 (ind.)‚
338 2207 397 2238 lib.
423 2212 458 2239 et
481 2207 575 2238 tituli
596 2205 651 2238 W.
683 2206 692 2249 Η
724 2208 779 2249 qui
803 2219 903 2250 supra
922 2218 986 2239 mn.
1006 2206 1101 2239 VW.
1133 2206 1142 2249 Η
1175 2207 1214 2239 16
1238 2207 1355 2239 biom.
1375 2206 1416 2238 V.
1447 2206 1457 2248 Η
1476 2210 1574 2247 pastu
1592 2211 1624 2237 et

199 2256 279 2289 (om.
299 2252 352 2292 V)
369 2254 503 2294 pascuis
520 2252 574 2283 uel
597 2253 673 2295 Dig.
695 2252 704 2294 Η
728 2254 763 2285 17
791 2253 967 2285 fermentis
986 2253 1024 2285 Β.
1043 2252 1052 2295 Η
1073 2254 1156 2295 quod
1184 2254 1367 2284 ammodum
1387 2251 1431 2291 V,
1457 2251 1541 2293 quod
1568 2252 1625 2282 ad-

199 2298 294 2329 modo
313 2297 349 2328 B.
371 2296 381 2339 Η
401 2299 649 2340 uepraedantur
669 2297 724 2330 W.
744 2297 754 2340 Η
777 2301 815 2331 1⁴>
840 2299 963 2339 abigei]
989 2299 1147 2339 abigendi
1172 2298 1252 2340 Dig.
1278 2300 1374 2331 recle.
1395 2297 1404 2340 Η
1425 2302 1624 2329 exercentes

200 2354 302 2385 equos
333 2344 372 2375 de
398 2345 557 2384 gregibus
583 2344 675 2383 biga,
702 2349 900 2376 exercentes
926 2355 1006 2386 quas
1033 2345 1156 2384 degere
1183 2344 1273 2375 libri.
1308 2342 1317 2385 Η
1357 2345 1395 2375 19
1421 2343 1623 2374 adducentes

200 2394 233 2420 et
266 2395 380 2421 cetera
413 2390 499 2421 idem
533 2390 562 2422 si
589 2387 645 2421 W.
704 2389 713 2431 Η
769 2390 810 2421 20
849 2400 966 2432 equum
998 2391 1030 2421 in
1063 2390 1280 2421 solitudinem
1317 2389 1413 2429 libri,
1452 2398 1554 2429 equos
1590 2388 1623 2418 in

201 2434 383 2466 solitudine
409 2436 551 2468 relictos
577 2434 656 2477 Dig.
689 2433 698 2475 Η
729 2435 870 2467 abduxit
888 2436 932 2476 V,
958 2436 1100 2467 adduxit
1119 2434 1175 2467 W.
1203 2434 1212 2475 Η
1240 2435 1409 2474 ambigens
1436 2433 1480 2465 V.
1512 2432 1522 2473 Η
1557 2438 1624 2472 pot.

202 2478 265 2511 fur.
287 2479 342 2512 W.
385 2480 395 2523 Η
438 2481 475 2514 21
507 2486 541 2513 et
565 2491 627 2512 om.
650 2479 742 2512 VW.
787 2480 796 2523 Η
838 2491 970 2523 porcam
996 2481 1075 2523 Dig.
1113 2480 1123 2523 Η
1165 2482 1220 2512 uel
1247 2480 1390 2522 capram]
1420 2484 1453 2510 et
1478 2490 1506 2510 c.
1535 2478 1591 2510 W.
1611 2478 1623 2519 Η

202 2526 391 2566 uerbecem]
428 2529 551 2571 scripsi
574 2527 634 2568 (cf
667 2525 798 2558 tabulae
824 2527 1007 2559 Amulium
1032 2527 1171 2559 a.133
1200 2526 1292 2566 224),
1331 2525 1496 2556 berbicem
1535 2523 1625 2563 libri,

201 2581 377 2603 ueruecern
402 2572 480 2615 Dig.
519 2573 529 2616 Η
563 2573 604 2604 22
622 2572 790 2604 adducunt
807 2571 845 2605 Β.
874 2573 1039 2604 ¹idducant
1059 2571 1115 2613 ΙΙΓ,
1143 2571 1284 2603 abduxit
1301 2570 1380 2612 De'g.
1411 2568 1421 2611 Η
1452 2574 1490 2601 ut
1515 2570 1561 2608 hi]
1588 2574 1626 2601 ut

202 2616 254 2647 his
272 2615 311 2653 B,
337 2627 430 2659 quam
449 2618 527 2659 De„
564 2617 574 2658 Η
617 2619 683 2660 qui]
711 2618 765 2659 qui
791 2616 873 2649 adB.
924 2616 934 2659 Η
976 2597 1115 2658 abigent
1136 2616 1226 2656 ΒΙΙ,
1263 2616 1433 2656 ambigent
1452 2615 1496 2647 V.
1536 2614 1545 2656 Η
1583 2616 1623 2646 23

203 2661 318 2702 plecti]
345 2664 432 2703 pecti
460 2663 536 2696 ch.
566 2663 575 2705 Η
608 2674 710 2705 poena
729 2662 766 2694 B.
787 2663 829 2694 24
865 2662 876 2706 Η
916 2664 1113 2706 temporari]
1138 2664 1271 2705 scripsi,
1297 2662 1377 2693 item
1404 2661 1516 2703 operis
1518 2651 1623 2703 Bega,

203 2708 283 2738 item
309 2709 466 2749 operibus
487 2709 566 2741 lzbri
589 2711 704 2741 nostri.
735 2700 754 2749 Η
799 2709 903 2744 gladii
928 2710 1047 2750 giandi
1079 2707 1136 2741 W.
1189 2707 1199 2748 Η
1254 2707 1500 2749 praestituerit]
1532 2706 1611 2750 Dtg.

204 2752 394 2793 pic-stiterit
418 2755 464 2796 V,
499 2760 612 2797 presto
646 2757 713 2787 erit
744 2753 834 2786 ΒΙΙ.
869 2752 878 2795 Η
913 2755 1122 2793 honestiore]
1152 2753 1238 2795 Dt'g„
1266 2753 1455 2785 honestiori
1481 2751 1566 2784 libzi.

1648 797 1688 831 10

1650 1081 1689 1115 15

1647 1367 1691 1402 20
