1823 3016
663 164 1115 205 —123—

178 283 262 322 eius
284 281 371 320 libri
394 284 455 329 (ut
486 283 577 328 145,
604 283 667 321 11.
692 283 784 329 169,
811 283 874 321 15.
901 282 993 328 179,
1018 283 1058 325 9)
1083 288 1120 321 et
1148 295 1299 321 errores
1330 295 1409 321 non
1438 284 1514 322 rari
1546 284 1609 335 (ut

180 338 273 383 186,
296 339 320 378 6
352 339 666 390 reprehenderent
694 352 764 391 pro
796 352 839 379 re
862 340 1099 391 praeberent,
1142 340 1245 390 quod
1284 340 1417 378 debuit
1452 353 1534 379 esse
1570 354 1608 380 se

173 396 419 449 praeberent)
441 397 703 435 emendantur
720 396 901 435 adhibitis
924 396 1032 435 libris
1054 397 1151 441 aliis,
1169 398 1233 435 sed
1253 397 1347 435 adeo
1365 409 1442 434 non
1460 397 1607 435 immu-

178 454 241 492 nis
274 459 332 491 est
363 452 410 491 ab
439 454 737 504 interpolatione
761 454 832 492 sibi
863 453 1017 505 propria
1049 454 1139 492 licet
1160 466 1244 492 rara
1267 461 1305 492 et
1328 453 1514 492 modesta.
1556 455 1607 493 ita

179 509 272 556 179,
302 509 326 547 2
349 510 583 549 uocabulum
624 518 771 550 tenetur
792 517 829 549 et
868 511 960 557 195,
984 510 1038 549 24
1060 511 1294 549 uocabulum
1327 513 1427 549 enim
1458 511 1503 549 de
1535 523 1607 549 suo

176 568 346 618 scriptor
373 568 531 606 addidit.
584 567 883 619 dittographiam
908 580 954 606 ex
976 568 1173 618 archetypi
1197 567 1369 617 margine
1393 567 1431 605 in
1456 573 1606 606 textum

176 624 402 662 translatam
418 624 746 675 deprehendimus
761 624 851 671 152,
870 624 936 671 26,
958 624 1022 663 ubi
1035 625 1079 664 ad
1097 637 1174 663 non
1192 625 1397 675 ambz'ffl'tur
1412 624 1606 663 adiectum

175 681 251 719 fuit
281 692 358 719 non
397 681 603 727 dubitatur,
636 694 806 732 quocum
840 683 1059 732 iungemus,
1100 682 1204 733 quod
1244 681 1336 726 180,
1363 683 1412 719 15
1445 682 1484 720 in
1523 683 1608 720 loco

179 737 247 788 qui
279 744 408 788 potest
439 738 559 776 uideri
594 739 699 777 hiare
730 739 770 777 in
803 745 951 777 textum
976 738 1189 777 admissum
1214 745 1272 777 est
1291 739 1352 785 hcl,
1385 738 1532 777 scilicet
1551 738 1608 777 hic

174 796 283 834 deest.
332 817 385 822 —
426 795 680 834 Vercellensis
719 802 761 834 ut
799 808 1081 846 saepenumero
1129 803 1206 834 tarn
1250 796 1289 834 in
1337 797 1441 834 ueris
1488 807 1605 846 quam

174 853 214 890 in
247 852 353 890 falsis
386 865 474 890 cum
499 852 788 891 Vindobonensi
820 853 1006 891 conuenit
1039 858 1099 899 (ut
1122 859 1286 903 uterque
1317 852 1433 891 habet
1467 852 1557 897 185,
1582 851 1606 890 8

175 908 306 947 denses
341 909 513 948 abdicant
540 922 611 960 pro
635 909 725 948 (leus
755 909 967 948 eradicau‘e'c
988 909 1032 956 Β,
1068 910 1160 955 194,
1186 910 1205 947 1
1230 917 1515 960 rnmponuncur
1536 921 1607 960 pro

176 965 450 1016 rumpuntur),
485 966 536 1004 ita
577 966 651 1004 fide
683 967 788 1004 hunc
818 966 929 1015 longe
962 973 1122 1017 superat
1152 979 1223 1005 nec
1254 967 1394 1005 desunt
1421 966 1507 1013 loci,
1540 965 1607 1004 ubi

177 1034 279 1061 unus
319 1035 457 1061 uerum
490 1022 665 1060 seruauit
696 1021 807 1071 (148,
836 1024 854 1060 1
878 1024 1022 1073 infami
1048 1021 1183 1061 chm
1209 1023 1304 1073 Dig„
1338 1025 1522 1074 infamem
1552 1021 1605 1067 W,

173 1079 360 1129 infamiae
382 1077 412 1115 B
432 1101 486 1105 -—-
507 1078 599 1124 148,
622 1078 646 1116 2
663 1079 747 1117 iube
768 1082 820 1117 ica
842 1079 973 1117 chm
998 1078 1094 1128 mg„
1116 1080 1218 1118 iubet
1238 1080 1282 1123 B,
1304 1080 1388 1118 iube
1410 1083 1515 1118 intra
1532 1078 1605 1128 W).

172 1148 263 1174 nam
295 1136 334 1173 in
358 1135 651 1173 vindobonensi
674 1135 924 1186 interpolatio
955 1135 1030 1173 late
1062 1142 1232 1185 grassata
1263 1143 1323 1174 est
1352 1136 1496 1187 passim
1526 1137 1606 1175 ori-

173 1192 301 1243 ginem
325 1192 472 1230 ducens
495 1204 540 1230 ex
562 1191 639 1230 leui
660 1204 792 1230 errore
815 1191 1080 1230 vercellensis.

311 1249 403 1295 150,
437 1248 489 1287 23
523 1249 666 1298 diuum]
699 1248 742 1294 B,
775 1249 865 1287 dum
904 1248 943 1295 V,
976 1249 1075 1300 quod
1112 1248 1158 1289 W

311 1306 404 1353 154,
440 1306 490 1345 16
521 1306 589 1355 rei]
622 1305 700 1350 ΒΥ,
733 1308 822 1357 quia
852 1308 910 1344 rei
944 1305 989 1343 W

310 1363 402 1410 155,
438 1363 488 1401 15
516 1375 626 1414 prop.
654 1374 716 1413 pr.
749 1363 814 1412 ich]
846 1362 887 1407 Β,
918 1363 1136 1414 proprz'diae
1174 1362 1213 1407 V,
1241 1366 1422 1413 propriae
1454 1363 1538 1402 (limi
1564 1362 1609 1402 W

529 1419 649 1467 (unde
680 1419 879 1458 adnotatio
910 1419 1155 1469 corrigenda)

310 1476 406 1523 159,
440 1477 459 1514 1
526 1476 804 1527 corrz'qendmn]
834 1476 914 1522 BV,
947 1477 1250 1515 succurrendum
1285 1475 1333 1514 W

311 1532 404 1579 164,
438 1534 461 1571 5
522 1533 592 1582 his]
623 1533 701 1579 BV,
735 1536 795 1571 ira
833 1533 880 1571 W

311 1589 405 1636 168,
438 1589 491 1628 20
523 1591 595 1641 fur
626 1590 784 1640 accedet]
820 1590 860 1634 V,
891 1590 962 1641 fur
992 1590 1145 1629 accedat
1175 1589 1216 1634 Β,
1248 1591 1402 1641 furanti
1430 1590 1473 1629 de
1509 1590 1557 1629 W

311 1646 404 1694 169,
440 1648 459 1685 1
523 1648 747 1697 susceperat]
780 1647 860 1692 ΒΥ,
892 1654 1107 1697 susceperat
1137 1647 1249 1685 stabit
1287 1645 1332 1683 W

311 1705 404 1750 174,
437 1704 462 1742 9
522 1705 654 1756 furem
682 1707 802 1755 magis
831 1705 929 1753 eum]
962 1716 1040 1742 non
1068 1705 1200 1755 furem
1232 1716 1316 1742 eum
1346 1716 1422 1742 esse
1458 1703 1506 1742 W

311 1760 404 1807 186,
437 1761 462 1800 6
522 1774 559 1800 se
577 1761 813 1812 praeberent]
837 1760 1105 1812 repraeberent
1127 1760 1171 1799 W
1180 1761 1216 1807 V,
1240 1761 1554 1812 reprehenderent
1576 1760 1608 1798 Β

309 1817 401 1864 187,
436 1817 460 1857 8
521 1819 583 1857 sed
615 1818 682 1867 dii]
711 1819 794 1857 sedi
820 1817 864 1864 Β,
896 1818 1009 1856 redde
1047 1817 1130 1856 VW

310 1874 403 1920 188,
439 1876 458 1913 1
523 1876 716 1925 conentur]
750 1875 793 1921 Β,
827 1882 1038 1913 conuentur
1074 1875 1113 1921 V,
1147 1877 1398 1914 conueniatur
1434 1874 1481 1912 W

311 1932 404 1978 195,
437 1931 460 1970 3
524 1932 718 1982 obsistunt]
747 1931 790 1977 B,
824 1932 1029 1971 obstiterunt
1066 1931 1104 1977 V,
1137 1934 1368 1970 constituunt
1403 1931 1449 1970 W

287 1988 554 2028 Nihilominus
585 2001 664 2027 non
696 1989 824 2028 solum
850 2001 965 2040 supra
989 1988 1162 2027 uidimus
1185 1988 1410 2040 appendicis
1434 1987 1603 2027 Iulianae

173 2047 340 2085 sormam
373 2046 413 2084 in
454 2046 553 2085 libro
586 2046 876 2085 Vindobonensi
898 2059 917 2084 a
950 2046 1116 2097 pristina
1147 2046 1324 2097 proxime
1355 2046 1504 2089 abesse,
1537 2044 1605 2083 sed

172 2103 289 2142 etiam
338 2102 400 2141 hic
440 2103 538 2141 liber
570 2103 799 2142 Vercellensi
843 2104 1048 2155 proximus
1094 2109 1132 2142 et
1178 2116 1223 2141 ex
1269 2102 1396 2141 tribus
1438 2101 1604 2141 deterri-

174 2172 263 2199 mus
307 2172 589 2211 saepenumero
629 2172 765 2199 uerum
800 2160 974 2199 seruauit
1005 2173 1095 2199 cum
1128 2161 1156 2198 Β
1188 2166 1321 2199 contra
1353 2159 1383 2197 V
1413 2172 1485 2198 nec
1516 2171 1605 2197 raro

173 2223 308 2256 contra
332 2224 557 2268 utrumque,
589 2223 633 2255 ut
667 2218 758 2265 147,
792 2216 843 2256 23
867 2230 1000 2257 eorum
1028 2217 1075 2256 W
1092 2229 1181 2256 cum
1205 2217 1301 2268 Dig„
1333 2217 1489 2256 illorum
1519 2215 1601 2254 ΒΥ.

172 2274 354 2325 equidem
398 2287 487 2313 cum
527 2274 574 2312 ad
620 2274 962 2313 contaminationis
999 2274 1263 2326 suspicionem
1295 2273 1603 2312 confirmandam

172 2337 401 2382 argumenta
432 2331 569 2370 idonea
603 2343 680 2369 non
717 2331 878 2370 habeam
918 2331 1024 2377 (nam
1065 2331 1166 2377 142,
1193 2332 1212 2369 1
1254 2339 1320 2370 aut
1357 2330 1408 2378 B,
1440 2337 1526 2369 ante
1564 2329 1603 2374 V,

173 2395 299 2427 autem
335 2396 422 2428 ante
458 2388 505 2427 W
530 2411 585 2415 ——
620 2388 720 2432 191,
754 2387 806 2427 20
838 2401 888 2428 em
915 2389 954 2435 V,
986 2396 1018 2428 et
1046 2388 1094 2435 B,
1141 2396 1174 2427 et
1205 2400 1253 2427 ex
1280 2388 1327 2427 W
1353 2411 1408 2414 —-
1449 2387 1541 2430 194,
1579 2386 1604 2424 5

172 2452 207 2484 et
236 2445 279 2492 B,
311 2452 364 2484 est
403 2445 457 2492 W,
490 2452 542 2484 esc
571 2452 606 2484 et
639 2443 669 2482 V
707 2457 785 2483 non
824 2445 1062 2495 sufficiunt),
1105 2444 1302 2497 quomodo
1340 2443 1422 2482 fieri
1463 2450 1604 2495 potue-

173 2502 245 2550 rit,
291 2508 336 2541 ut
372 2508 451 2541 tam
482 2502 544 2541 BV
581 2514 699 2553 quam
737 2501 816 2540 VW
848 2502 949 2541 inter
993 2515 1033 2541 se
1073 2503 1286 2553 iungantur
1326 2500 1604 2539 communione

175 2570 255 2597 non
285 2571 501 2610 paucorum
533 2571 726 2605 errorum,
764 2571 896 2598 ueram
929 2559 1134 2598 lectionem
1168 2558 1362 2597 retineant
1393 2558 1509 2596 modo
1541 2556 1604 2595 BV

175 2622 311 2654 contra
333 2615 395 2661 W,
427 2616 544 2655 modo
572 2616 651 2654 VW
683 2623 818 2654 contra
850 2616 889 2661 Β,
923 2617 1039 2655 modo
1072 2616 1100 2654 B
1132 2616 1250 2660 solus,
1284 2614 1400 2653 modo
1432 2615 1538 2653 solus
1559 2613 1603 2660 V,

176 2672 292 2711 modo
324 2673 419 2712 adeo
450 2673 557 2712 solus
578 2672 639 2720 W,
672 2685 750 2711 non
772 2672 895 2711 habeo
918 2673 1117 2724 quomodo
1149 2672 1359 2723 explicem,
1392 2672 1466 2710 hoc
1488 2671 1604 2711 uideo

175 2740 303 2780 neque
334 2730 412 2768 ullo
443 2742 490 2768 ex
520 2730 625 2769 hisce
658 2730 783 2769 tribus
814 2729 922 2768 libris
952 2737 1057 2768 recte
1088 2742 1161 2768 nos
1189 2741 1319 2768 carere
1340 2741 1454 2780 posse
1475 2740 1604 2779 neque

176 2785 345 2825 duorum
378 2799 573 2826 consensu
605 2793 740 2826 contra
771 2786 930 2826 unicum
965 2793 1102 2826 testem
1135 2798 1218 2825 rem
1251 2785 1387 2825 decidi.
