1823 3016
621 131 738 136 ——-
802 107 886 148 287

1090 117 1293 144 PAPINIAM
1315 119 1423 146 masr.
1444 109 1476 149 5,
1498 123 1522 145 1.
1538 122 1562 145 2.

133 226 325 258 recensitae
363 230 489 266 essent,
526 226 666 257 duarum
698 224 899 256 laciniarum
932 234 1096 256 conexum
1131 226 1273 265 agnouit
1305 226 1455 257 Hilarius
1489 227 1564 258 Ali-

136 281 302 322 hrandi¹)‚
337 282 396 314 has
429 291 501 312 cum
527 280 630 312 tertia
657 280 782 311 lacinia
809 290 869 319 ego
897 280 1026 311 demum
1052 280 1226 310 coniunxi.
1276 280 1462 320 fragmenta
1491 283 1561 323 ipsa

135 341 173 368 ut
190 336 270 367 mihi
289 336 621 375 transmitterentur,
651 334 836 376 impetrare
856 344 920 364 non
949 333 1058 375 potui3
1086 334 1298 375 quamobrem
1318 335 1483 366 lectiones
1502 335 1566 366 Ua—

133 390 234 422 restii
265 400 337 421 cum
365 390 555 432 heliolypia
588 388 712 430 optime
744 386 899 420 confecta
931 388 1074 428 contuli,
1108 398 1168 420 nec
1198 386 1340 427 frustra,
1372 399 1565 430 quamquam

132 444 236 477 multa
269 453 383 475 eorum
416 454 500 486 quae
526 443 682 475 Darestio
717 447 958 484 apparuerunt,
990 442 1025 473 in
1057 442 1119 474 hac
1144 442 1288 482 imagine
1315 443 1566 484 deprehendere

131 508 197 529 non
225 497 328 539 potui.
378 508 419 529 ex
440 497 590 529 Darestii
617 496 765 539 meisque
792 496 997 528 lectionibus
1023 497 1240 539 compositum
1267 500 1319 528 est
1342 498 1566 539 apographum

130 563 149 584 a
183 562 234 584 nie
268 562 331 584 una
363 562 437 583 cum
469 551 688 584 restitutione
721 552 838 582 horum
870 550 1134 592 fragmentorum
1161 562 1248 582 anno
1278 551 1363 583 1884
1390 551 1515 583 editum
1528 551 1567 592 2).

130 606 171 638 ad
198 605 299 638 dubia
325 606 485 648 quaedam
511 605 673 637 soluenda
700 605 740 637 A.
765 605 900 637 Esmein
928 616 1013 637 anno
1044 606 1130 638 1886
1158 616 1277 637 nouam
1303 605 1567 646 fragmentorum

131 660 308 701 imaginem
345 660 642 703 photographicam
679 659 744 691 sibi
782 659 916 702 parauit
952 660 1095 703 indeque
1132 660 1297 692 lectiones
1335 659 1518 701 fragmenti
1556 660 1567 692 l

131 716 310 747 emendare
347 714 573 757 temptauit-2).
621 724 693 746 meo
734 714 877 756 denique
913 719 1035 754 rogatu
1073 715 1167 746 locos
1200 715 1240 746 ab
1273 715 1333 746 hoc
1364 714 1440 746 uiro
1468 715 1567 746 docto

131 770 235 802 aliter
260 775 359 812 atque
386 780 405 801 a
429 769 588 802 Darestio
614 770 669 801 uel
695 779 714 801 a
740 779 790 800 me
817 769 926 801 lectos
952 768 988 800 P.
1014 769 1050 801 F.
1077 768 1202 801 Girard
1230 769 1413 809 diligenter
1441 770 1570 801 exami-

131 824 283 865 nauit⁴);
319 825 417 857 cuius
451 825 565 856 studio
592 825 690 856 unius
717 824 785 856 loci
812 824 994 856 lectionem
1020 824 1189 856 diuersam
1215 823 1255 855 ab
1283 824 1333 855 eis
1361 834 1444 866 quae
1469 828 1566 855 antea

130 880 325 922 propositae
355 885 453 912 erant
478 879 648 920 debemus,
679 879 713 911 in
740 879 882 921 reliquis
916 879 999 911 locis
1026 881 1176 911 incertas
1203 883 1236 910 et
1262 877 1402 911 fallaces
1434 879 1568 911 umbras

130 939 169 967 ut
192 935 361 974 definiret,
386 935 418 966 ei
445 944 507 966 non
536 935 651 966 cessit.

221 987 256 1020 In
291 988 442 1020 editione
469 998 552 1030 quae
579 987 732 1030 sequitur
759 997 809 1028 ea,
842 997 925 1029 quae
952 991 1069 1019 contra
1097 988 1225 1019 codicis
1252 987 1347 1019 fidem
1374 988 1452 1019 data
1478 992 1569 1026 sunt,

131 1042 307 1079 inclinatis
339 1042 468 1074 litteris
501 1042 749 1085 exprimuntur,
786 1042 866 1074 item
900 1042 1141 1084 supplementa,
1179 1053 1262 1084 quae
1296 1047 1476 1084 praeterea
1508 1053 1570 1073 un-

131 1097 218 1128 cinis
251 1097 428 1139 quadratis
461 1097 592 1128 inclusa
622 1101 712 1129 sunt.
761 1096 914 1136 singulas
940 1096 1076 1128 litteras
1103 1106 1187 1138 quae
1214 1097 1389 1138 perierunt
1414 1101 1472 1128 aut
1499 1097 1569 1136 legi

131 1161 195 1183 non
235 1156 418 1193 potuerunt
454 1150 608 1182 stellulis
646 1150 807 1190 indicaui,
845 1150 990 1182 maiores
1027 1150 1141 1182 hiatus
1178 1151 1233 1182 uel
1270 1161 1340 1190 eos,
1379 1151 1411 1182 in
1449 1151 1569 1192 quibus

131 1215 290 1237 numerus
316 1205 512 1237 litterarum
539 1216 597 1247 pro
617 1209 712 1236 certo
731 1204 867 1236 definiri
887 1215 950 1236 non
971 1205 1095 1247 potuit,
1121 1205 1223 1237 lineis
1243 1205 1389 1247 expleui.
1432 1215 1569 1236 uersum

132 1259 255 1292 diuisio
282 1259 348 1291 tali
386 1260 514 1291 lineola
536 1257 542 1302 ι
564 1259 715 1291 indicata
748 1263 811 1290 est.
864 1259 897 1291 in
924 1259 1142 1291 adnotatione
1169 1258 1290 1290 critica
1317 1258 1484 1290 lectiones
1511 1269 1570 1290 co-

131 1314 219 1346 dicis
245 1314 358 1346 addita
386 1318 465 1346 nota
495 1313 522 1345 C
544 1317 703 1345 enotatae
729 1317 827 1351 sunt3
858 1313 914 1345 uhi
942 1313 972 1344 in
999 1313 1087 1345 libro
1114 1324 1200 1344 nono
1227 1313 1394 1345 lectiones
1420 1311 1569 1345 Darestii

134 1375 169 1401 et
194 1379 288 1401 meae
315 1369 523 1411 discrepant,
550 1369 631 1400 illae
658 1373 737 1400 nota
766 1366 820 1409 Cd,
845 1369 907 1400 hae
933 1373 1010 1400 nota
1039 1366 1081 1399 Ci-
1106 1368 1352 1408 significantur.

402 1637 793 1688 FRAGMENTA
848 1637 1029 1687 LIBRI
1085 1636 1307 1689 QVINTI

86 1802 104 1835 1
247 1794 415 1833 Tutores
455 1794 642 1844 absenti[s
672 1794 826 1846 pupilli,
865 1796 931 1846 qui
959 1795 1091 1844 annos]
1133 1793 1138 1844 1
1181 1807 1264 1833 xmi
1296 1793 1495 1844 inplesset,
1542 1805 1565 1831 n

367 1850 602 1902 [cunratores
626 1851 665 1891 ui
687 1852 732 1890 ad
994 1851 998 1904 Ι
1024 1857 1118 1890 runt
1139 1851 1232 1890 iusti
1249 1873 1300 1894 ,μμ
1319 1864 1339 1890 c

136 1908 140 1959 1
175 1920 302 1958 neque
334 1908 739 1946 oflici—————
766 1907 771 1962 l
799 1914 883 1947 tum
915 1908 1061 1960 placuit
1094 1914 1137 1947 ut
1376 1940 1384 1947 .
1594 1922 1615 1956 5

86 1968 107 2002 2
250 1964 344 2003 Post
389 1970 556 2003 mortem
604 1965 755 2014 fumosi
796 1978 873 2005 ηοη
919 1966 1074 2004 dabitur
1117 1968 1158 2005 in
1205 1964 1451 2014 culi-atorem
1491 1967 1570 2017 [qui

134 2021 294 2072 neqotia]
325 2021 329 2067 1
358 2021 477 2071 gessit
507 2022 615 2071 a[ctz'o
653 2022 822 2067 iudicati,
861 2025 895 2062 si
929 2022 1049 2071 modo]
1079 2022 1083 2074 Ι
1110 2022 1257 2061 nullam
1292 2024 1354 2072 [em
1385 2035 1568 2062 consensu

134 2076 410 2127 nouatfflonem
448 2079 600 2127 saeuam
635 2085 670 2118 et
700 2081 741 2118 in
772 2086 990 2119 curatorem
1021 2079 1403 2130 obligationemlwsse
1434 2086 1567 2120 trans—

136 2134 255 2174 latam
287 2135 492 2183 constabit}

226 2225 247 2268 ς
274 2225 293 2257 2
311 2242 355 2252 Ξ
372 2225 450 2268 mg.
478 2225 533 2266 26,
559 2225 591 2267 9,
618 2226 636 2257 5
658 2236 711 2269 pr.

478 2300 670 2308 *vvvvuvv-vvvv
674 2300 1440 2309 wmmmwwmxmawmx
1443 2302 1560 2309 mm

231 2347 259 2388 1)
285 2347 385 2380 Studi
412 2358 429 2379 e
455 2348 645 2379 documenti
673 2348 707 2380 di
732 2348 842 2381 storia
869 2359 886 2381 e
912 2349 1030 2381 diritto
1056 2349 1101 2382 IV
1126 2349 1244 2390 (1883)
1271 2360 1300 2391 p.
1322 2349 1384 2382 125
1410 2360 1479 2392 sqq.

229 2393 257 2434 2)
281 2392 486 2426 Zeitschrift
512 2394 570 2425 der
595 2393 920 2435 Savigny-Stiftung
944 2394 983 2427 R.
1009 2396 1048 2427 Α.
1077 2395 1106 2428 V
1133 2406 1163 2438 p.
1186 2395 1374 2429 166—180.

227 2438 256 2479 3)
281 2438 451 2472 Nouvelle
470 2437 585 2471 Revue
604 2439 643 2471 de
663 2439 757 2471 droit
772 2438 922 2482 francais
940 2445 974 2472 et
992 2439 1155 2482 etranger
1172 2440 1205 2473 X
1223 2440 1343 2481 (1886)
1362 2451 1392 2483 p.
1410 2440 1475 2472 219
1495 2450 1565 2482 sqq.

228 2484 256 2525 ⁴¹)
282 2483 332 2517 Cf.
358 2485 535 2517 adnotatio
561 2484 603 2516 ad
627 2483 850 2525 fragmentum
875 2485 898 2518 Ι.

229 2583 247 2614 ’7
274 2583 415 2616 iudicati
441 2584 531 2616 actio
556 2583 650 2626 Dig„
681 2594 765 2626 quae
795 2584 925 2616 addunt
956 2595 1020 2616 non
1054 2585 1160 2625 magis
1186 2594 1283 2626 quam
1308 2585 1340 2616 in
1367 2588 1510 2617 tutores.
1554 2584 1564 2627 Ι]

132 2630 210 2670 post
240 2638 405 2661 consensu
429 2628 510 2672 Dtg.
541 2628 672 2661 addunt
704 2634 780 2672 post
810 2629 998 2672 depositum
1031 2628 1189 2662 officium.
1244 2630 1254 2672 ΙΙ
1309 2629 1327 2660 8
1361 2633 1566 2670 curatorem]

137 2683 208 2705 cur.
233 2674 289 2706 uel
314 2679 461 2707 tutorem
486 2674 566 2718 mg.
