1828 3011
172 2213 245 2239 ‚fia

250 126 435 154 CONSVLT.
456 116 488 155 6,
508 127 604 151 1—53.
742 138 860 143 —-—
922 114 1006 154 210
1069 136 1186 140 ——

252 235 365 274 dicet.
424 233 497 272 PP.
529 232 743 272 Mediolano
773 231 842 271 ΧΠ
873 229 1056 269 kalendas
1087 228 1237 280 Apriles
1267 228 1394 267 Tusco
1425 233 1464 267 et
1493 226 1675 278 Aquilino

251 304 454 396 conss(Hic
485 344 650 396 require,
683 342 847 394 qualiter
879 340 1042 380 actionis
1074 339 1189 379 editio
1221 339 1372 390 pulsato
1403 340 1499 387 fiat.)

366 403 530 441 quante
552 401 622 439 deo
645 399 737 450 quid
769 397 927 437 tractari
949 396 1086 435 debeat
1107 397 1296 434 aduersus
1319 408 1422 442 eum,
1455 395 1519 446 qui
1542 408 1583 434 se
1606 395 1675 434 he-

251 459 384 499 redem
418 458 510 496 dicit
541 457 702 495 alicuius
733 460 801 493 aut
831 454 875 492 ad
909 465 949 491 se
979 452 1233 491 hereditatem
1256 464 1444 503 personae
1467 451 1674 491 cuiuslibet

253 515 433 555 aestimat
453 525 567 566 posse
589 517 822 563 competere.
874 509 922 548 Et
953 509 1044 548 dum
1078 521 1189 559 agere
1219 508 1380 546 forsitan
1413 508 1674 559 temptauerit,

253 572 425 624 primore
457 571 496 608 in
528 569 611 607 loco
643 568 757 606 debet
787 565 989 604 euidenter
1013 565 1219 604 ostendere
1241 577 1282 603 se
1304 576 1510 615 personam
1534 564 1675 603 habere

254 628 490 679 legitimam:
513 630 551 663 et
573 625 646 662 boc
667 623 760 662 dum
784 621 1010 665 ostenderit,
1034 628 1078 660 ut
1097 620 1193 660 iuris
1214 620 1421 671 legumque
1444 620 1561 659 dictat
1582 633 1676 659 auc-

256 684 403 730 toritas,
435 693 556 732 genus
579 679 740 719 actionis
763 678 876 717 edere
898 678 1023 724 debet,
1046 677 1085 716 in
1108 690 1186 728 quo
1208 688 1326 715 manu
1349 689 1418 715 sua
1440 676 1675 715 subscribat:

256 753 333 790 quo
365 739 454 777 dato
476 749 616 788 genere
646 734 821 781 actionis,
853 734 1020 786 acceptis
1052 733 1241 772 triduanis
1271 732 1432 771 indutiis
1453 738 1592 783 quarto
1615 732 1675 771 die

255 794 487 846 respondeat.
504 791 751 832 aduersarius
772 803 879 838 suus,
899 796 943 829 ut
958 790 1061 840 leges
1079 789 1336 841 praecipiunt,
1355 788 1674 839 responsionibus

257 852 375 890 saluis
421 851 587 901 pulsato,
633 860 731 898 quae
777 847 823 885 de
860 847 946 885 iure
990 852 1028 885 et
1067 845 1215 897 legibus
1252 845 1532 896 suffragantur,
1572 845 1677 884 salua

258 907 373 946 etiam
414 905 564 945 actione
602 903 838 943 calumniae:
885 902 974 953 quia
1012 902 1105 941 dum
1146 901 1403 940 calumniator
1442 901 1509 952 qui
1549 901 1678 952 pulsat

257 970 439 1003 ostensus
470 961 600 1008 fuerit,
633 960 756 1011 qualis
789 959 839 998 sit
869 971 991 1011 poena
1023 958 1251 1005 calumniae,
1283 957 1431 1008 legibus
1453 957 1588 996 subter
1609 958 1677 996 ad-

256 1020 366 1059 nexis
398 1018 635 1058 ostenditur:
669 1017 723 1055 sic
754 1022 905 1061 tamen,
945 1021 988 1054 ut
1024 1015 1106 1066 ipse
1142 1014 1298 1066 probet,
1345 1013 1676 1065 quemadmodum

259 1089 327 1115 sua
360 1076 534 1121 interest,
565 1080 604 1113 et
635 1072 814 1112 ostendat
850 1072 894 1110 ad
934 1084 974 1110 se
1011 1071 1193 1110 uniuersa
1231 1083 1329 1121 quae
1373 1070 1513 1122 repetit
1557 1069 1679 1121 perti-

254 1145 359 1172 nere.
420 1131 519 1170 Illud
551 1129 758 1182 praecipue
790 1140 944 1167 summa
977 1140 1065 1167 cum
1098 1128 1246 1166 cautela
1279 1126 1479 1166 obseruari
1511 1132 1677 1178 oportet,

254 1196 313 1235 ut,
347 1188 378 1227 si
410 1186 658 1226 aduersarius
697 1185 931 1236 scripturam
979 1184 1148 1235 aliquam
1190 1183 1410 1222 donationis
1451 1183 1677 1229 ostenderit,

254 1246 424 1296 primore
455 1244 495 1282 in
526 1244 610 1282 loco
643 1242 757 1280 fidem
801 1241 914 1279 faciat
951 1240 1186 1292 scripturae:
1233 1252 1350 1290 quam
1398 1240 1491 1278 dum
1530 1239 1676 1286 fecerit,

254 1303 293 1339 in
328 1301 461 1339 eadem
494 1298 760 1338 munificentia
792 1297 965 1348 singulae
996 1309 1172 1348 quaeque
1194 1309 1255 1334 res
1288 1296 1319 1334 si
1342 1295 1508 1347 scriptae
1530 1296 1678 1335 fuerint

255 1370 352 1408 quae
374 1357 579 1402 donantur,
612 1355 712 1393 sicut
742 1354 844 1403 leges
876 1353 1024 1398 iubent,
1057 1353 1159 1391 ualet
1180 1354 1277 1391 facta
1300 1352 1469 1399 donatio,
1503 1352 1592 1391 etsi
1614 1364 1677 1391 eas

255 1415 346 1452 dum
382 1412 478 1451 uixit
508 1412 546 1450 in
580 1410 693 1449 bonis
725 1409 806 1448 suis
846 1409 1001 1455 habuit,
1042 1414 1109 1447 aut
1146 1408 1228 1447 eius
1274 1408 1351 1446 iuri
1396 1409 1459 1446 uel
1505 1408 1677 1448 dominio

254 1468 538 1519 competebant,
571 1473 638 1506 aut
669 1466 701 1504 si
732 1466 799 1504 lite
840 1470 1054 1504 contestata
1097 1465 1143 1503 de
1189 1465 1261 1503 hac
1305 1465 1390 1503 luce
1438 1464 1676 1515 migrauerit.

255 1538 351 1576 quae
389 1524 574 1563 uniuersa
606 1522 771 1573 qualiter
803 1528 841 1560 et
871 1521 1014 1572 quibus
1048 1521 1173 1560 modis
1205 1521 1427 1565 adstruere,
1472 1521 1676 1560 defensore

256 1582 319 1620 uel
350 1580 571 1620 aduersario
601 1577 817 1618 diuinitatis
846 1578 987 1617 auxilio
1009 1577 1190 1616 resistere
1213 1577 1365 1624 debeas,
1397 1577 1561 1616 inferius
1583 1590 1676 1616 con-

258 1638 432 1676 tinentur
463 1636 670 1687 adscripta.
731 1634 779 1673 Et
809 1646 858 1673 ne
888 1636 988 1673 forte
1020 1634 1121 1673 dicat
1150 1634 1312 1673 aduersa
1344 1646 1433 1685 pars
1456 1633 1581 1685 aliqua
1604 1633 1679 1672 sibi

257 1693 458 1746 principali
491 1693 678 1744 rescripto
710 1696 777 1730 aut
807 1690 1078 1742 praeceptione
1100 1690 1220 1729 fuisse
1242 1703 1438 1737 concessa,
1470 1690 1515 1729 ad
1539 1690 1679 1729 buius-

260 1750 364 1789 modi
410 1750 623 1788 uersutiam
671 1752 799 1799 potest
844 1748 1023 1798 pulsatus
1071 1747 1196 1786 modis
1251 1747 1434 1785 omnibus
1480 1746 1678 1798 replicare,

257 1806 471 1858 principem
505 1818 547 1844 ea
579 1817 734 1856 semper
764 1803 862 1842 uelle
895 1803 1118 1847 concedere,
1151 1816 1250 1854 quae
1280 1803 1428 1853 legibus
1459 1803 1680 1854 rationique

259 1862 521 1902 conueniunt:
555 1862 644 1912 quia
675 1872 804 1905 causa,
836 1873 934 1910 quae
961 1860 1107 1898 nnllam
1132 1860 1179 1898 de
1200 1859 1349 1912 legibus
1373 1859 1534 1899 sortitur
1554 1859 1679 1898 firmi-

260 1925 390 1965 tatem,
423 1919 461 1957 in
494 1917 775 1970 praeiudicium
808 1916 967 1955 alterius
998 1929 1018 1955 a
1049 1915 1224 1968 principe
1255 1928 1333 1955 non
1365 1922 1494 1968 potest
1526 1928 1680 1955 sumere

258 1976 497 2021 firmitatem,
529 1975 631 2013 sicut
660 1974 761 2012 idem
795 1972 958 2011 inferius
991 1973 1219 2012 declaratur.

375 2031 515 2070 Petitio
552 2029 791 2075 hereditatis,
831 2029 942 2069 cuius
981 2029 1189 2068 defunctus
1226 2028 1332 2067 litem
1365 2041 1443 2068 non
1475 2034 1556 2068 erat
1587 2041 1682 2067 con-

260 2093 438 2133 testatus,
478 2087 523 2125 ad
556 2087 736 2125 heredem
770 2097 848 2124 non
882 2086 1175 2124 transmittitur.
1237 2085 1319 2123 Lib.
1351 2085 1367 2123 Ι
1398 2085 1679 2124 sententiarum

261 2143 319 2183 tit.
353 2143 400 2181 VI
433 2143 464 2181 si
496 2143 689 2182 hereditas
723 2142 784 2180 uel
816 2142 907 2193 quid
939 2142 1041 2181 aliud
1073 2147 1239 2193 petatur.

379 2199 453 2246 Qui
490 2199 587 2250 petit
625 2198 892 2245 hereditatem,
939 2199 1020 2250 ipse
1057 2198 1220 2250 probare
1259 2197 1372 2236 debet
1410 2197 1456 2236 ad
1489 2209 1529 2235 se
1563 2197 1682 2247 magis

263 2268 378 2306 quam
412 2255 458 2294 ad
490 2267 579 2294 eum
613 2255 679 2305 qui
702 2255 876 2306 possidet
897 2254 980 2293 siue
1003 2267 1049 2293 ex
1070 2260 1305 2293 testamento
1326 2253 1408 2292 siue
1430 2253 1476 2292 ab
1498 2253 1682 2292 intestato

355 2334 383 2354 c.
411 2323 442 2363 6,
470 2322 667 2354 5=Paut
697 2322 724 2353 1.
754 2322 832 2363 13b,
861 2324 891 2354 4.

355 2379 380 2399 c.
408 2369 439 2407 6,
467 2366 692 2399 5a=PaaL
723 2370 749 2408 1,
781 2368 859 2408 13b,
885 2368 915 2399 6.

357 2445 368 2475 1
399 2443 520 2484 aprilis
548 2441 620 2473 Cui.
650 2443 663 2481 Η
695 2442 847 2473 anullino
873 2443 1073 2483 requiritur.
1104 2440 1114 2483 Ι]
1145 2440 1164 2472 3
1190 2441 1293 2472 uerba
1317 2440 1393 2471 hic.
1415 2464 1422 2471 .
1442 2464 1449 2471 .
1469 2440 1526 2471 fiat
1543 2439 1683 2472 scholia-

262 2490 328 2519 stes
353 2487 484 2519 adiecit.
505 2486 515 2528 [Ι
536 2487 681 2519 actionis
708 2487 797 2518 edito
821 2487 891 2519 Cui.
914 2487 1010 2527 1586,
1035 2485 1081 2520 ad
1104 2485 1190 2528 quod
1213 2487 1248 2517 in
1272 2495 1382 2527 maig.
1406 2484 1545 2516 adnotat
1571 2486 1683 2518 cautio

266 2544 282 2564 a
310 2533 456 2574 pulsato.
499 2531 509 2574 ΙΙ
552 2533 587 2565 11
617 2535 692 2563 (mle
716 2533 918 2574 respondeat
943 2531 1159 2564 desideratur
1184 2530 1399 2562 contradictio
1423 2530 1563 2573 pulsati.
1598 2531 1608 2573 Η
1646 2531 1684 2564 18

266 2578 466 2616 ostenderit]
499 2577 686 2609 ostenderit
717 2582 749 2609 et
782 2577 854 2609 Cui.
896 2576 906 2619 11
949 2577 990 2608 24
1017 2575 1205 2615 defensore]
1237 2580 1271 2607 et
1301 2574 1470 2607 defensori
1497 2575 1684 2617 Selzultcng.

266 2621 276 2664 Η
307 2623 346 2653 27
374 2623 563 2654 huiusmodi
586 2622 656 2654 Cui.
677 2622 775 2662 1586,
792 2623 891 2654 huius
910 2622 989 2653 mali
1011 2622 1078 2654 Cui.
1102 2621 1198 2653 1577.
1230 2619 1240 2662 ΙΙ
1271 2620 1370 2659 idem]
1389 2621 1468 2652 item
1489 2620 1684 2654 Mommsen.

264 2666 273 2707 11
316 2668 356 2698 36
384 2668 453 2709 ipse
481 2678 544 2699 om.
575 2667 645 2700 Cui.
676 2667 769 2701 1564.
812 2666 823 2710 Η
865 2667 905 2698 37
933 2667 984 2707 ad]
1012 2677 1083 2699 eam
1107 2667 1147 2698 ad
1174 2665 1246 2697 Cui.
1277 2665 1371 2698 1564.

1692 297 1717 315 a.
1736 290 1788 316 295

1705 734 1746 768 10

1708 1017 1748 1050 15

1708 2144 1752 2180 35
