1823 3016
661 179 778 182 ——
842 154 924 194 145
987 178 1104 182 —
1250 153 1597 193 COLLAT102,5-6.

31 279 65 319 2,
90 291 115 319 5,
136 290 152 314 2
175 285 253 312 non
286 285 370 311 esse
398 284 551 319 uerum,
573 273 677 323 quod
701 272 826 311 Labeo
848 271 1020 323 putabat,
1044 271 1145 323 apud
1167 277 1384 322 praetorem
1409 271 1594 311 iniuriam

172 327 300 381 ὕβριν
337 329 538 368 dumtaxat
570 329 797 379 significare.
858 341 1067 368 commune
1109 327 1292 366 omnibus
1330 327 1483 366 iniuriis
1523 335 1593 375 est,

172 386 275 438 quod
307 398 460 437 semper
491 386 679 425 aduersus
710 386 831 425 bonos
864 398 992 424 mores
1025 386 1068 424 fit
1088 385 1204 436 idque
1226 397 1303 423 non
1328 384 1411 423 fieri
1432 385 1595 424 alicuius

136 444 347 486 ginterest.
409 443 482 481 hoc
513 443 681 482 edictum
715 443 760 482 ad
793 455 876 481 eam
909 440 1090 481 iniuriam
1120 441 1300 493 pertinet,
1333 454 1431 492 quae
1453 448 1593 480 contu-

136 519 152 543 4
173 499 309 540 meliae
340 512 455 538 causa
487 500 541 538 fit.
602 500 646 538 fit
676 506 805 539 autem
837 499 977 538 iniuria
1009 499 1072 538 uel
1098 499 1137 537 in
1174 511 1348 550 corpore,
1382 499 1475 537 dum
1507 511 1594 537 cae-
1622 502 1636 533 Γ

173 557 312 602 dimur,
346 556 408 595 uel
440 556 582 602 uerbis,
617 557 710 595 dum
743 556 963 595 conuicium
996 556 1180 608 patimur,
1214 557 1275 595 uel
1307 567 1395 594 cum
1427 555 1594 606 dignitas

171 613 346 658 laeditur,
382 619 423 652 ut
445 626 534 652 cum
559 620 759 652 matronae
781 613 840 652 uel
864 619 1124 665 praetextatae
1147 612 1309 652 comites
1332 612 1594 651 abducuntur.

134 685 152 709 5
172 669 403 709 iniuriarum
437 670 536 709 actio
568 675 635 709 aut
664 670 833 721 legitima
866 677 925 709 est
960 676 1027 709 aut
1066 669 1285 708 honoraria.
1347 669 1516 720 legitima
1549 682 1596 707 ex

171 728 254 779 lege
286 727 490 766 duodecim
525 727 762 766 tabularum:
809 727 888 778 ‘qui
925 727 1107 766 iniuriam
1144 726 1254 766 alteri
1288 726 1389 771 facit,
1422 726 1595 777 quinque

174 789 226 823 ‘et
271 783 408 835 uiginti
446 784 717 823 sestertiorum
749 796 913 835 poenam
947 783 1101 823 subito’.
1163 796 1261 834 quae
1308 783 1367 822 lex
1405 783 1594 834 generalis

172 841 264 880 suit:
297 842 456 880 fuerunt
489 847 526 880 et
557 841 753 892 speciales,
787 841 895 880 uelut
926 840 1007 879 illa:
1042 840 1086 879 ‘si
1118 853 1160 879 os
1189 840 1303 891 fregit
1330 840 1465 887 libero,
1505 839 1594 879 CCC

169 898 229 949 [si]
261 910 388 943 seruo,
421 897 481 936 CL
512 910 676 949 poenam
709 897 839 936 subito
872 897 1166 936 sestertiorum’.

229 955 335 994 Idem
368 967 508 993 mvnvs
531 954 666 993 eodem
689 954 787 992 libro
817 954 1002 1005 singulari
1031 954 1104 993 sub
1126 954 1239 993 titulo
1262 953 1594 1005 quemadmodum

29 1014 62 1056 2,
87 1025 112 1056 e,
133 1027 148 1050 1
347 1011 581 1050 iniuriarum
613 1016 767 1061 agatur:

288 1068 376 1115 ‘Qui
408 1075 537 1106 autem
570 1067 829 1113 iniuriarum’,
862 1066 1000 1118 inquit,
1034 1067 1136 1117 ‘agie
1170 1072 1321 1106 certum
1354 1067 1467 1113 dicat,
1501 1066 1592 1118 quid
1650 1068 1664 1078 ⁹

171 1125 346 1164 ‘iniuriae
378 1126 522 1163 factum
569 1124 620 1163 sit
653 1130 692 1162 et
723 1123 958 1162 taxationem
991 1129 1108 1175 ponat
1139 1136 1218 1162 non
1253 1124 1442 1162 minorem
1477 1136 1594 1174 quam

133 1182 320 1233 2‘quanti
367 1180 634 1220 uadimonium
681 1180 822 1220 fuerit’.
898 1186 1048 1220 certum
1082 1179 1186 1226 dicit,
1234 1180 1301 1232 qui
1333 1193 1404 1220 suo
1436 1180 1595 1219 nomine

202 1302 205 1303 r
211 1302 239 1307 „J
242 1302 255 1308 2
258 1302 273 1307 1-
276 1301 433 1308 ww
437 1301 516 1307 smwv-
519 1300 662 1307 WJNW

826 1300 955 1307 MNA*

1054 1300 1215 1306 MAJNN
1218 1301 1248 1306 Γ»
1251 1300 1410 1307 „sm-'Nam
1415 1300 1442 1306 su
1446 1300 1471 1306 ,Ὢ
1478 1300 1491 1306 J
1496 1300 1509 1307 κ
1512 1304 1517 1306 i
1520 1300 1549 1306 22
1552 1301 1556 1302 ν
1560 1304 1565 1306 .
1570 1301 1573 1302 ν
1578 1301 1593 1307 Λ

267 1365 277 1395 1
310 1365 386 1402 non]
413 1373 473 1394 nos
499 1362 585 1394 libri.
628 1360 639 1404 Η
680 1362 772 1393 labet
789 1362 830 1401 V,
858 1362 942 1394 libet
963 1362 1019 1394 W.
1055 1361 1065 1404 Η
1107 1362 1126 1393 2
1152 1362 1274 1404 hybrin
1295 1361 1333 1402 Β,
1360 1362 1447 1394 ibrin
1469 1361 1512 1403 V,
1538 1362 1599 1393 im-

172 1409 257 1440 brim
279 1407 334 1440 W.
378 1407 389 1451 Η
431 1418 600 1439 commune
633 1408 785 1439 omnibus
818 1408 965 1447 iniuriis]
999 1406 1195 1439 Lachmann
1228 1407 1366 1445 (addens
1388 1410 1463 1451 post
1488 1418 1598 1439 mores

169 1453 363 1486 addendum
388 1465 463 1485 esse
488 1453 633 1495 aliquid3
659 1452 719 1484 sed
741 1455 846 1495 potest
870 1453 1038 1496 explicari
1061 1454 1129 1484 sic:
1154 1453 1241 1495 quod
1264 1455 1393 1485 iniuria
1409 1464 1541 1496 semper
1558 1453 1599 1495 fit

169 1499 339 1532 aduersus
358 1500 386 1531 b.
405 1510 449 1530 m.
475 1501 505 1530 et
529 1498 614 1541 quod
637 1497 779 1530 alicuius
804 1500 941 1530 interest
966 1498 1000 1530 id
1023 1497 1062 1530 de
1085 1508 1146 1540 quo
1164 1501 1285 1540 agitur
1302 1509 1366 1530 non
1383 1499 1484 1541 fieri),
1511 1509 1599 1529 com-

171 1555 301 1577 munem
327 1544 478 1576 omnibus
506 1545 593 1576 enim
620 1545 706 1575 iuris
732 1543 822 1576 libri.
875 1543 885 1586 ΙΙ
939 1544 956 1574 3
985 1544 1071 1583 fieri]
1102 1544 1194 1576 fierit
1221 1543 1313 1576 VW.
1357 1544 1366 1586 ΙΙ
1409 1546 1429 1576 4
1456 1545 1599 1576 edictam

177 1589 233 1623 W.
286 1590 297 1633 ll
348 1601 386 1622 ea
413 1589 457 1622 V.
500 1588 510 1629 Ιί
553 1590 571 1620 5
606 1590 640 1621 fit
666 1590 713 1629 fit]
745 1589 781 1620 fit
806 1590 883 1631 quid
904 1588 960 1621 JV.
1003 1588 1013 1631 Η
1056 1590 1210 1621 iniuriam
1234 1589 1271 1621 B.
1315 1588 1325 1632 Η
1367 1590 1532 1621 credimus
1560 1590 1598 1621 B.

173 1635 190 1680 Η
220 1638 238 1669 6
265 1636 394 1675 uerbis]
427 1636 460 1667 in
486 1646 517 1667 u.
545 1634 601 1667 W.
637 1633 647 1675 ΙΙ
682 1635 749 1675 uel]
776 1646 793 1666 c
819 1635 874 1667 uel
893 1634 957 1667 Va.
993 1633 1003 1677 ΙΙ
1038 1635 1235 1673 dignitatem
1256 1634 1311 1667 W.
1347 1633 1357 1677 Η
1393 1636 1410 1666 7
1438 1637 1484 1674 ut]
1512 1634 1602 1676 Dz‘g·.,

173 1683 229 1714 uel
256 1681 343 1713 libri.
387 1680 398 1723 Η
440 1686 600 1723 patronae
619 1680 657 1712 B.
699 1679 709 1722 ΙΙ
752 1680 995 1721 pr(a)etextote
1013 1680 1042 1712 B
1071 1680 1124 1718 (de
1148 1691 1209 1722 quo
1234 1680 1323 1712 male
1345 1680 1455 1723 refert
1473 1680 1601 1713 Husch-

172 1728 265 1768 kius)
305 1725 348 1760 V.
412 1725 423 1769 Η
482 1726 691 1758 adducuntur
726 1725 815 1758 BW.
876 1725 886 1768 ΙΙ
947 1726 965 1757 8
1013 1727 1081 1766 aut]
1126 1727 1165 1757 ad
1203 1726 1260 1759 W.
1319 1725 1329 1768 Η
1389 1727 1601 1757 honerariain

173 1773 358 1813 legitimam
387 1772 444 1804 ll'.
497 1770 507 1813 11
561 1772 579 1803 9
607 1772 713 1812 legem
741 1770 828 1804 BW.
882 1771 892 1813 Η
944 1772 1067 1803 iniuria
1095 1771 1138 1804 V.
1187 1770 1197 1815 Η
1249 1772 1288 1805 10
1315 1773 1360 1813 et]
1388 1782 1430 1803 ex
1456 1771 1544 1803 libri.
1583 1769 1598 1814 Η

174 1818 314 1860 uiginti]
345 1818 466 1857 uirgiti
495 1817 552 1850 W.
594 1818 606 1857 ΙΙ
639 1818 889 1856 sestertiorum]
915 1817 974 1857 Vh,
1001 1818 1244 1849 sextertiorum
1272 1817 1337 1855 Va,
1364 1819 1602 1849 restertiorum

175 1864 214 1904 B,
240 1863 411 1896 resitrium
430 1862 487 1895 W.
522 1861 533 1906 ΙΙ
566 1873 704 1904 poenam
729 1863 852 1903 subito]
877 1864 1011 1906 scripsi,
1038 1872 1173 1904 poenam
1192 1864 1265 1902 (-na
1284 1862 1368 1903 BV)
1394 1863 1486 1894 subit
1510 1861 1600 1893 libri:

177 1920 283 1952 poena
315 1913 414 1941 sunto
448 1908 611 1940 Huschke.
654 1907 664 1950 ΙΙ
706 1908 858 1948 generali
890 1907 954 1940 fuit
980 1907 1024 1940 V.
1073 1907 1083 1951 [Ι
1128 1909 1162 1942 11
1193 1907 1330 1940 fuerunt
1362 1907 1505 1947 (suerint
1533 1908 1601 1952 ll]

177 1961 211 1987 et
237 1955 401 1996 speciales
428 1955 520 1986 uelut
546 1954 605 1986 illa
632 1955 662 1985 si
689 1964 724 1985 os
750 1955 813 1991 (sic
835 1955 910 1995 fere
934 1953 1063 1994 thme,
1093 1954 1188 1986 uelut
1213 1953 1408 1986 manifestos
1437 1953 1480 1992 V,
1506 1954 1602 1985 uelut

175 1999 373 2033 manifestus
390 1998 448 2039 W,
466 2000 560 2031 uelut
578 2000 638 2031 illa
657 2009 754 2030 manu
772 1998 897 2031 sustine
915 1999 945 2031 si
963 2010 999 2030 os
1019 1998 1229 2039 Lachmann)
1248 2000 1350 2040 fregit
1366 2010 1430 2031 om.
1452 1999 1488 2031 B.
1516 2002 1603 2031 recte

176 2046 334 2079 Blumz'us
357 2045 622 2077 emendationem
645 2055 745 2087 quam
768 2046 947 2088 proposuit
971 2044 1125 2087 defendit
1148 2048 1258 2089 utpote
1275 2046 1457 2088 archetypi
1471 2047 1603 2076 minus-

175 2092 260 2124 culis
289 2093 412 2132 scripti
441 2090 652 2122 litteraturae
679 2090 984 2122 accommodatam:
1017 2090 1296 2122 Lachmanniana
1322 2090 1489 2133 (Savigny
1514 2089 1603 2122 Zeit-

173 2137 301 2179 schrift
324 2137 390 2178 fiir
409 2137 525 2179 gesclz.
551 2135 765 2168 Rechtswiss.
794 2137 846 2176 10,
869 2135 950 2175 311)
981 2137 1160 2178 ingeniosa
1187 2138 1301 2179 magis
1324 2139 1374 2168 est
1398 2146 1501 2179 quam
1523 2146 1603 2179 pro-

176 2182 308 2223 babilis,
339 2192 420 2213 nam
450 2182 507 2213 leoe
537 2180 707 2213 duodecim
740 2181 933 2213 tabularum
961 2192 982 2213 a
1006 2182 1140 2214 casibus
1165 2182 1356 2226 specialiter
1378 2181 1603 2225 proponendis

178 2232 265 2260 recte
290 2229 437 2259 abstinet
461 2238 563 2269 neque
586 2237 726 2268 usquam
750 2230 926 2270 praeterea
950 2228 987 2258 in.
1011 2227 1082 2270 leg-e
1105 2238 1202 2271 saepe
1226 2230 1416 2260 memorata
1440 2226 1607 2259 eiusmodi

175 2273 405 2306 additamenti
433 2274 558 2305 mentio
582 2273 632 2315 fit.
679 2271 782 2305 Gaius
811 2274 901 2304 enim
934 2271 1020 2314 quod
1049 2275 1100 2304 ait
1126 2274 1154 2312 3,
1182 2273 1264 2305 220:
1299 2284 1407 2315 pugno
1440 2278 1517 2315 puta
1545 2277 1603 2303 aut

178 2319 268 2352 fuste
294 2329 473 2362 percussus
498 2321 530 2349 et
554 2318 653 2360 infra
677 2319 709 2358 2,
735 2320 765 2360 5,
784 2319 804 2348 4
822 2318 966 2350 Paulus:
993 2329 1101 2360 pugno
1128 2325 1207 2361 puta
1233 2329 1273 2349 an
1299 2318 1389 2350 fuste
1414 2329 1454 2349 an
1481 2318 1603 2360 lapide,

177 2367 246 2408 ipsi
274 2364 472 2408 significant
503 2364 584 2395 haee
615 2363 653 2395 de
682 2374 752 2404 sue,
781 2373 846 2395 non
877 2374 922 2395 ea·
950 2364 1021 2405 lege
1050 2375 1085 2395 se
1112 2374 1311 2396 memorare.
1359 2363 1500 2405 denique
1525 2363 1604 2394 haec

177 2410 340 2442 uocabula
382 2411 414 2441 si
446 2410 502 2442 lea·
536 2410 711 2451 posuisset,
753 2419 853 2451 neque
887 2411 974 2441 iuris
1010 2413 1162 2442 auctores
1192 2421 1293 2452 neque
1320 2410 1546 2451 grammatici
1570 2407 1606 2440 id

178 2458 362 2488 reticerent.
416 2454 426 2498 ΙΙ
480 2455 546 2495 ccc]
575 2453 632 2495 JV,
669 2459 840 2487 trecentos
865 2454 939 2487 BV.
996 2454 1007 2497 {l
1058 2455 1098 2487 12
1137 2456 1166 2487 si
1197 2465 1260 2487 om.
1286 2455 1378 2495 libri,
1414 2458 1449 2486 at
1481 2455 1508 2485 si
1540 2456 1602 2485 ins.

181 2499 287 2534 Gaius
318 2502 349 2540 3,
375 2501 451 2533 223.
499 2500 510 2544 Η
559 2501 602 2540 cl]
634 2501 673 2532 ad
703 2499 759 2534 W.
801 2498 812 2542 ΙΙ
859 2500 970 2532 subito
1003 2502 1253 2540 sestertiorum]
1291 2500 1424 2532 suhitor
1456 2510 1499 2532 ex
1532 2504 1604 2531 ter-

180 2547 304 2578 tiorum
330 2546 405 2587 BV,
430 2557 493 2578 om.
522 2545 578 2578 W.
617 2546 627 2589 [Ι
666 2546 702 2579 13
731 2545 894 2587 singulari
921 2546 1147 2587 (singulorum
1168 2545 1234 2587 W)
1259 2546 1318 2578 sub
1344 2545 1447 2577 titulo
1474 2556 1538 2577 om.
1558 2544 1603 2576 V.

180 2590 192 2633 1Ι
238 2592 278 2624 14
303 2592 458 2624 iniuriam
485 2591 523 2632 B,
550 2592 677 2624 iniuria
698 2589 791 2623 VW.
834 2589 844 2633 ΙΙ
890 2592 927 2623 15
956 2591 1079 2624 iniuria
1097 2592 1169 2633 BV,
1196 2591 1354 2623 iniuriam
1374 2590 1430 2623 W.
1472 2591 1486 2632 ΙΙ
1526 2594 1604 2629 aget

182 2636 222 2668 B.
262 2635 273 2678 Η
307 2640 447 2677 certum]
474 2648 491 2668 c
517 2638 574 2671 W.
619 2637 629 2680 Η
670 2637 726 2679 qui
744 2635 818 2668 BV.
860 2634 871 2678 ΙΙ
915 2637 955 2668 16
980 2637 1137 2669 iniuriam
1165 2637 1222 2670 W.
1265 2636 1275 2679 Η
1316 2635 1604 2669 taxationum,lV.

183 2680 196 2769 H
237 2693 276 2713 no
303 2683 432 2715 minore
460 2682 506 2715 V:
539 2694 602 2715 non
629 2684 787 2715 maiorem
812 2681 965 2714 Huschke
988 2681 1075 2714 male
1099 2684 1246 2715 omnino.
1287 2680 1297 2724 11
1340 2692 1436 2724 quam
1461 2692 1524 2714 om.
1545 2681 1603 2715 W.

240 2727 279 2759 17
306 2727 396 2760 fierit
416 2728 479 2760 Va.

256 2782 398 2810 Collectio
413 2783 466 2810 m„
1347 2784 1390 2818 10
