<?xml version="1.0" encoding="UTF-8"?>
<!DOCTYPE html PUBLIC "-//W3C//DTD XHTML 1.0 Transitional//EN"
    "http://www.w3.org/TR/xhtml1/DTD/xhtml1-transitional.dtd">
<html xmlns="http://www.w3.org/1999/xhtml" xml:lang="en" lang="en">
 <head>
  <title>
</title>
<meta http-equiv="Content-Type" content="text/html;charset=utf-8" />
  <meta name='ocr-system' content='tesseract 3.04.00' />
  <meta name='ocr-capabilities' content='ocr_page ocr_carea ocr_par ocr_line ocrx_word'/>
</head>
<body>
  <div class='ocr_page' id='page_1' title='image "./collectiolibroru03krue_0244.png"; bbox 0 0 1828 3011; ppageno 0'>
   <div class='ocr_carea' id='block_1_1' title="bbox 254 112 736 155">
    <p class='ocr_par' dir='ltr' id='par_1_1' title="bbox 254 112 736 155">
     <span class='ocr_line' id='line_1_1' title="bbox 254 112 736 155; baseline 0.015 -11"><span class='ocrx_word' id='word_1_1' title='bbox 254 119 564 148; x_wconf 58' lang='lat' dir='ltr'>nnnmoawlsm.</span> <span class='ocrx_word' id='word_1_2' title='bbox 575 112 698 155; x_wconf 72' lang='lat'>1,1-‘.),</span> <span class='ocrx_word' id='word_1_3' title='bbox 712 125 736 151; x_wconf 87' lang='lat'>1.</span> 
     </span>
    </p>
   </div>
   <div class='ocr_carea' id='block_1_2' title="bbox 927 115 1190 155">
    <p class='ocr_par' dir='ltr' id='par_1_2' title="bbox 927 115 1190 155">
     <span class='ocr_line' id='line_1_2' title="bbox 927 115 1190 155; baseline 0.004 -1"><span class='ocrx_word' id='word_1_4' title='bbox 927 115 1012 155; x_wconf 79' lang='lat'>234</span> <span class='ocrx_word' id='word_1_5' title='bbox 1073 138 1190 142; x_wconf 69' lang='lat'>———</span> 
     </span>
    </p>
   </div>
   <div class='ocr_carea' id='block_1_3' title="bbox 747 138 862 141">
    <p class='ocr_par' dir='ltr' id='par_1_3' title="bbox 747 138 862 141">
     <span class='ocr_line' id='line_1_3' title="bbox 747 138 862 141; baseline 0 0"><span class='ocrx_word' id='word_1_6' title='bbox 747 138 862 141; x_wconf 95' lang='lat' dir='ltr'> </span> 
     </span>
    </p>
   </div>
   <div class='ocr_carea' id='block_1_4' title="bbox 529 370 1398 410">
    <p class='ocr_par' dir='ltr' id='par_1_4' title="bbox 529 370 1398 410">
     <span class='ocr_line' id='line_1_4' title="bbox 529 370 1398 410; baseline 0.001 -1"><span class='ocrx_word' id='word_1_7' title='bbox 529 371 603 409; x_wconf 87' lang='lat' dir='ltr'>EX</span> <span class='ocrx_word' id='word_1_8' title='bbox 635 370 905 409; x_wconf 87' lang='lat' dir='ltr'>CORPORE</span> <span class='ocrx_word' id='word_1_9' title='bbox 937 370 1398 410; x_wconf 83' lang='lat' dir='ltr'>HERMOGENIANI.</span> 
     </span>
    </p>
   </div>
   <div class='ocr_carea' id='block_1_5' title="bbox 460 448 1467 500">
    <p class='ocr_par' dir='ltr' id='par_1_5' title="bbox 460 448 1467 500">
     <span class='ocr_line' id='line_1_5' title="bbox 460 448 1467 500; baseline 0.002 -14"><span class='ocrx_word' id='word_1_10' title='bbox 460 448 477 486; x_wconf 93' lang='lat' dir='ltr'>I</span> <span class='ocrx_word' id='word_1_11' title='bbox 522 448 583 487; x_wconf 91' lang='lat' dir='ltr'>De</span> <span class='ocrx_word' id='word_1_12' title='bbox 615 454 750 487; x_wconf 87' lang='lat' dir='ltr'>cauta</span> <span class='ocrx_word' id='word_1_13' title='bbox 783 454 828 486; x_wconf 93' lang='lat' dir='ltr'>et</span> <span class='ocrx_word' id='word_1_14' title='bbox 857 459 950 486; x_wconf 89' lang='lat' dir='ltr'>non</span> <span class='ocrx_word' id='word_1_15' title='bbox 981 454 1234 487; x_wconf 86' lang='lat' dir='ltr'>numerata</span> <span class='ocrx_word' id='word_1_16' title='bbox 1265 450 1467 500; x_wconf 87' lang='lat' dir='ltr'>pecunia</span> 
     </span>
    </p>
   </div>
   <div class='ocr_carea' id='block_1_6' title="bbox 250 512 1671 1003">
    <p class='ocr_par' dir='ltr' id='par_1_6' title="bbox 252 512 1671 677">
     <span class='ocr_line' id='line_1_6' title="bbox 366 512 1671 566; baseline 0.003 -16"><span class='ocrx_word' id='word_1_17' title='bbox 366 513 520 551; x_wconf 87' lang='lat' dir='ltr'>Aurelio</span> <span class='ocrx_word' id='word_1_18' title='bbox 564 514 705 552; x_wconf 80' lang='lat' dir='ltr'>Alexio.</span> <span class='ocrx_word' id='word_1_19' title='bbox 772 512 1043 563; x_wconf 78' lang='lat' dir='ltr'>Exceptionem</span> <span class='ocrx_word' id='word_1_20' title='bbox 1088 525 1168 552; x_wconf 90' lang='lat' dir='ltr'>non</span> <span class='ocrx_word' id='word_1_21' title='bbox 1216 521 1442 554; x_wconf 80' lang='lat' dir='ltr'>numeratae</span> <span class='ocrx_word' id='word_1_22' title='bbox 1486 516 1671 566; x_wconf 88' lang='lat' dir='ltr'>pecuniae</span> 
     </span>
     <span class='ocr_line' id='line_1_7' title="bbox 252 568 1670 622; baseline 0.004 -16"><span class='ocrx_word' id='word_1_23' title='bbox 252 580 330 607; x_wconf 92' lang='lat' dir='ltr'>non</span> <span class='ocrx_word' id='word_1_24' title='bbox 368 570 458 607; x_wconf 88' lang='lat' dir='ltr'>anni</span> <span class='ocrx_word' id='word_1_25' title='bbox 497 570 562 608; x_wconf 91' lang='lat' dir='ltr'>sed</span> <span class='ocrx_word' id='word_1_26' title='bbox 600 568 859 620; x_wconf 89' lang='lat' dir='ltr'>quinquennii</span> <span class='ocrx_word' id='word_1_27' title='bbox 904 570 1027 620; x_wconf 90' lang='lat' dir='ltr'>spatio</span> <span class='ocrx_word' id='word_1_28' title='bbox 1065 569 1226 608; x_wconf 84' lang='lat' dir='ltr'>deficere</span> <span class='ocrx_word' id='word_1_29' title='bbox 1265 583 1392 622; x_wconf 84' lang='lat' dir='ltr'>nuper</span> <span class='ocrx_word' id='word_1_30' title='bbox 1435 573 1670 612; x_wconf 90' lang='lat' dir='ltr'>censuimus.</span> 
     </span>
     <span class='ocr_line' id='line_1_8' title="bbox 254 625 1333 677; baseline 0.001 -13"><span class='ocrx_word' id='word_1_31' title='bbox 254 625 407 675; x_wconf 82' lang='lat' dir='ltr'>Scripta</span> <span class='ocrx_word' id='word_1_32' title='bbox 438 625 503 663; x_wconf 72' lang='lat' dir='ltr'>vll</span> <span class='ocrx_word' id='word_1_33' title='bbox 535 625 586 664; x_wconf 89' lang='lat' dir='ltr'>id.</span> <span class='ocrx_word' id='word_1_34' title='bbox 618 626 738 677; x_wconf 83' lang='lat' dir='ltr'>April.</span> <span class='ocrx_word' id='word_1_35' title='bbox 774 625 917 664; x_wconf 90' lang='lat' dir='ltr'>Sirmio</span> <span class='ocrx_word' id='word_1_36' title='bbox 949 626 1175 665; x_wconf 85' lang='lat' dir='ltr'>Caesaribus</span> <span class='ocrx_word' id='word_1_37' title='bbox 1207 639 1333 665; x_wconf 83' lang='lat' dir='ltr'>conss.</span> 
     </span>
    </p>

    <p class='ocr_par' dir='ltr' id='par_1_7' title="bbox 250 681 1671 1003">
     <span class='ocr_line' id='line_1_9' title="bbox 368 681 1671 734; baseline 0.003 -15"><span class='ocrx_word' id='word_1_38' title='bbox 368 681 654 733; x_wconf 86' lang='lat' dir='ltr'>Interpretatio.</span> <span class='ocrx_word' id='word_1_39' title='bbox 717 682 940 721; x_wconf 87' lang='lat' dir='ltr'>Secundum</span> <span class='ocrx_word' id='word_1_40' title='bbox 973 683 1094 733; x_wconf 87' lang='lat' dir='ltr'>legem</span> <span class='ocrx_word' id='word_1_41' title='bbox 1137 695 1183 721; x_wconf 81' lang='lat' dir='ltr'>ex</span> <span class='ocrx_word' id='word_1_42' title='bbox 1221 696 1381 734; x_wconf 88' lang='lat' dir='ltr'>corpore</span> <span class='ocrx_word' id='word_1_43' title='bbox 1412 683 1671 723; x_wconf 90' lang='lat' dir='ltr'>Theodosiani</span> 
     </span>
     <span class='ocr_line' id='line_1_10' title="bbox 253 737 1671 791; baseline 0.003 -16"><span class='ocrx_word' id='word_1_44' title='bbox 253 737 285 775; x_wconf 92' lang='lat' dir='ltr'>si</span> <span class='ocrx_word' id='word_1_45' title='bbox 317 745 469 776; x_wconf 90' lang='lat' dir='ltr'>certum</span> <span class='ocrx_word' id='word_1_46' title='bbox 502 739 648 789; x_wconf 88' lang='lat' dir='ltr'>petitur</span> <span class='ocrx_word' id='word_1_47' title='bbox 679 739 724 777; x_wconf 89' lang='lat' dir='ltr'>de</span> <span class='ocrx_word' id='word_1_48' title='bbox 747 738 1015 790; x_wconf 80' lang='lat' dir='ltr'>chirographis</span> <span class='ocrx_word' id='word_1_49' title='bbox 1037 739 1126 790; x_wconf 89' lang='lat' dir='ltr'>quia</span> <span class='ocrx_word' id='word_1_50' title='bbox 1149 740 1194 778; x_wconf 89' lang='lat' dir='ltr'>de</span> <span class='ocrx_word' id='word_1_51' title='bbox 1217 740 1484 791; x_wconf 90' lang='lat' dir='ltr'>quinquennio</span> <span class='ocrx_word' id='word_1_52' title='bbox 1506 741 1671 780; x_wconf 86' lang='lat' dir='ltr'>habetur</span> 
     </span>
     <span class='ocr_line' id='line_1_11' title="bbox 253 793 1670 846; baseline 0.004 -15"><span class='ocrx_word' id='word_1_53' title='bbox 253 793 492 844; x_wconf 80' lang='lat' dir='ltr'>expositum,</span> <span class='ocrx_word' id='word_1_54' title='bbox 540 795 625 833; x_wconf 88' lang='lat' dir='ltr'>ideo</span> <span class='ocrx_word' id='word_1_55' title='bbox 671 795 773 833; x_wconf 87' lang='lat' dir='ltr'>hanc</span> <span class='ocrx_word' id='word_1_56' title='bbox 816 795 938 846; x_wconf 81' lang='lat' dir='ltr'>legem</span> <span class='ocrx_word' id='word_1_57' title='bbox 987 808 1032 834; x_wconf 84' lang='lat' dir='ltr'>ex</span> <span class='ocrx_word' id='word_1_58' title='bbox 1077 796 1385 846; x_wconf 85' lang='lat' dir='ltr'>Hermogeniano</span> <span class='ocrx_word' id='word_1_59' title='bbox 1432 797 1670 836; x_wconf 86' lang='lat' dir='ltr'>credidimus</span> 
     </span>
     <span class='ocr_line' id='line_1_12' title="bbox 252 850 1671 902; baseline 0.003 -14"><span class='ocrx_word' id='word_1_60' title='bbox 252 850 551 901; x_wconf 78' lang='lat' dir='ltr'>adiungendam,</span> <span class='ocrx_word' id='word_1_61' title='bbox 585 864 683 902; x_wconf 86' lang='lat' dir='ltr'>quae</span> <span class='ocrx_word' id='word_1_62' title='bbox 715 858 871 902; x_wconf 89' lang='lat' dir='ltr'>tempus</span> <span class='ocrx_word' id='word_1_63' title='bbox 901 851 1003 890; x_wconf 88' lang='lat' dir='ltr'>intra</span> <span class='ocrx_word' id='word_1_64' title='bbox 1035 853 1138 902; x_wconf 89' lang='lat' dir='ltr'>quod</span> <span class='ocrx_word' id='word_1_65' title='bbox 1170 853 1379 892; x_wconf 88' lang='lat' dir='ltr'>contestari</span> <span class='ocrx_word' id='word_1_66' title='bbox 1410 853 1595 892; x_wconf 90' lang='lat' dir='ltr'>conuenit</span> <span class='ocrx_word' id='word_1_67' title='bbox 1625 854 1671 893; x_wconf 90' lang='lat' dir='ltr'>de</span> 
     </span>
     <span class='ocr_line' id='line_1_13' title="bbox 250 909 1669 961; baseline 0.004 -17"><span class='ocrx_word' id='word_1_68' title='bbox 250 912 360 945; x_wconf 86' lang='lat' dir='ltr'>cauta</span> <span class='ocrx_word' id='word_1_69' title='bbox 391 914 430 946; x_wconf 88' lang='lat' dir='ltr'>et</span> <span class='ocrx_word' id='word_1_70' title='bbox 460 920 538 946; x_wconf 93' lang='lat' dir='ltr'>non</span> <span class='ocrx_word' id='word_1_71' title='bbox 570 914 773 947; x_wconf 88' lang='lat' dir='ltr'>numerata</span> <span class='ocrx_word' id='word_1_72' title='bbox 814 909 995 959; x_wconf 87' lang='lat' dir='ltr'>pecunia,</span> <span class='ocrx_word' id='word_1_73' title='bbox 1042 910 1081 948; x_wconf 90' lang='lat' dir='ltr'>id</span> <span class='ocrx_word' id='word_1_74' title='bbox 1117 916 1177 948; x_wconf 88' lang='lat' dir='ltr'>est</span> <span class='ocrx_word' id='word_1_75' title='bbox 1205 909 1306 948; x_wconf 85' lang='lat' dir='ltr'>intra</span> <span class='ocrx_word' id='word_1_76' title='bbox 1344 910 1669 961; x_wconf 82' lang='lat' dir='ltr'>quinquennium,</span> 
     </span>
     <span class='ocr_line' id='line_1_14' title="bbox 250 962 663 1003; baseline 0.007 -3"><span class='ocrx_word' id='word_1_77' title='bbox 250 962 451 1002; x_wconf 90' lang='lat' dir='ltr'>euidenter</span> <span class='ocrx_word' id='word_1_78' title='bbox 482 965 663 1003; x_wconf 80' lang='lat' dir='ltr'>ostendit.</span> 
     </span>
    </p>
   </div>
   <div class='ocr_carea' id='block_1_7' title="bbox 292 1113 1634 1212">
    <p class='ocr_par' dir='ltr' id='par_1_8' title="bbox 292 1113 1634 1212">
     <span class='ocr_line' id='line_1_15' title="bbox 292 1113 1634 1167; baseline 0.003 -15"><span class='ocrx_word' id='word_1_79' title='bbox 292 1113 325 1151; x_wconf 85' lang='grc' dir='ltr'>ΙΙ</span> <span class='ocrx_word' id='word_1_80' title='bbox 370 1113 432 1152; x_wconf 82' lang='lat' dir='ltr'>Ex</span> <span class='ocrx_word' id='word_1_81' title='bbox 464 1115 657 1154; x_wconf 91' lang='lat' dir='ltr'>delictis</span> <span class='ocrx_word' id='word_1_82' title='bbox 695 1115 1043 1154; x_wconf 86' lang='lat' dir='ltr'>defunctorum</span> <span class='ocrx_word' id='word_1_83' title='bbox 1083 1117 1482 1167; x_wconf 82' lang='lat' dir='ltr'>quemadmodum</span> <span class='ocrx_word' id='word_1_84' title='bbox 1521 1129 1634 1156; x_wconf 88' lang='lat' dir='ltr'>con-</span> 
     </span>
     <span class='ocr_line' id='line_1_16' title="bbox 662 1179 1264 1212; baseline 0.002 -2"><span class='ocrx_word' id='word_1_85' title='bbox 662 1179 924 1211; x_wconf 76' lang='lat' dir='ltr'>ueniantur</span> <span class='ocrx_word' id='word_1_86' title='bbox 955 1185 1264 1212; x_wconf 83' lang='lat' dir='ltr'>successores</span> 
     </span>
    </p>
   </div>
   <div class='ocr_carea' id='block_1_8' title="bbox 248 1239 1671 1800">
    <p class='ocr_par' dir='ltr' id='par_1_9' title="bbox 248 1239 1671 1674">
     <span class='ocr_line' id='line_1_17' title="bbox 367 1239 1671 1281; baseline 0.003 -5"><span class='ocrx_word' id='word_1_87' title='bbox 367 1239 522 1278; x_wconf 88' lang='lat' dir='ltr'>Aurelio</span> <span class='ocrx_word' id='word_1_88' title='bbox 553 1239 679 1278; x_wconf 87' lang='lat' dir='ltr'>Ennio</span> <span class='ocrx_word' id='word_1_89' title='bbox 713 1241 938 1280; x_wconf 84' lang='lat' dir='ltr'>Saturnino.</span> <span class='ocrx_word' id='word_1_90' title='bbox 1000 1241 1106 1280; x_wconf 83' lang='lat' dir='ltr'>Licet</span> <span class='ocrx_word' id='word_1_91' title='bbox 1144 1248 1233 1280; x_wconf 90' lang='lat' dir='ltr'>ante</span> <span class='ocrx_word' id='word_1_92' title='bbox 1269 1241 1375 1280; x_wconf 91' lang='lat' dir='ltr'>litem</span> <span class='ocrx_word' id='word_1_93' title='bbox 1415 1248 1671 1281; x_wconf 86' lang='lat' dir='ltr'>contestatam</span> 
     </span>
     <span class='ocr_line' id='line_1_18' title="bbox 251 1294 1670 1349; baseline 0.004 -17"><span class='ocrx_word' id='word_1_94' title='bbox 251 1294 450 1342; x_wconf 88' lang='lat' dir='ltr'>defuncto,</span> <span class='ocrx_word' id='word_1_95' title='bbox 505 1296 571 1346; x_wconf 92' lang='lat' dir='ltr'>qui</span> <span class='ocrx_word' id='word_1_96' title='bbox 622 1309 668 1335; x_wconf 80' lang='lat' dir='ltr'>ex</span> <span class='ocrx_word' id='word_1_97' title='bbox 719 1298 877 1348; x_wconf 89' lang='lat' dir='ltr'>proprio</span> <span class='ocrx_word' id='word_1_98' title='bbox 930 1297 1068 1336; x_wconf 86' lang='lat' dir='ltr'>delicto</span> <span class='ocrx_word' id='word_1_99' title='bbox 1121 1298 1321 1336; x_wconf 89' lang='lat' dir='ltr'>conueniri</span> <span class='ocrx_word' id='word_1_100' title='bbox 1375 1299 1521 1349; x_wconf 89' lang='lat' dir='ltr'>potuit,</span> <span class='ocrx_word' id='word_1_101' title='bbox 1577 1311 1670 1337; x_wconf 90' lang='lat' dir='ltr'>suc-</span> 
     </span>
     <span class='ocr_line' id='line_1_19' title="bbox 250 1353 1669 1405; baseline 0.003 -16"><span class='ocrx_word' id='word_1_102' title='bbox 250 1363 421 1390; x_wconf 85' lang='lat' dir='ltr'>cessores</span> <span class='ocrx_word' id='word_1_103' title='bbox 459 1364 538 1390; x_wconf 89' lang='lat' dir='ltr'>non</span> <span class='ocrx_word' id='word_1_104' title='bbox 579 1353 733 1403; x_wconf 77' lang='lat' dir='ltr'>possint</span> <span class='ocrx_word' id='word_1_105' title='bbox 774 1354 926 1405; x_wconf 87' lang='lat' dir='ltr'>poenali</span> <span class='ocrx_word' id='word_1_106' title='bbox 965 1354 1115 1392; x_wconf 90' lang='lat' dir='ltr'>actione</span> <span class='ocrx_word' id='word_1_107' title='bbox 1155 1354 1372 1401; x_wconf 85' lang='lat' dir='ltr'>conueniri,</span> <span class='ocrx_word' id='word_1_108' title='bbox 1422 1362 1551 1393; x_wconf 89' lang='lat' dir='ltr'>tamen</span> <span class='ocrx_word' id='word_1_109' title='bbox 1596 1355 1669 1394; x_wconf 88' lang='lat' dir='ltr'>hos</span> 
     </span>
     <span class='ocr_line' id='line_1_20' title="bbox 250 1407 1670 1461; baseline 0.004 -17"><span class='ocrx_word' id='word_1_110' title='bbox 250 1407 364 1445; x_wconf 89' lang='lat' dir='ltr'>etiam</span> <span class='ocrx_word' id='word_1_111' title='bbox 397 1408 436 1446; x_wconf 91' lang='lat' dir='ltr'>in</span> <span class='ocrx_word' id='word_1_112' title='bbox 470 1415 619 1447; x_wconf 89' lang='lat' dir='ltr'>tantum</span> <span class='ocrx_word' id='word_1_113' title='bbox 653 1417 842 1460; x_wconf 89' lang='lat' dir='ltr'>quantum</span> <span class='ocrx_word' id='word_1_114' title='bbox 876 1411 923 1449; x_wconf 87' lang='lat' dir='ltr'>ad</span> <span class='ocrx_word' id='word_1_115' title='bbox 955 1423 1019 1449; x_wconf 92' lang='lat' dir='ltr'>eos</span> <span class='ocrx_word' id='word_1_116' title='bbox 1051 1410 1231 1461; x_wconf 83' lang='lat' dir='ltr'>peruenit</span> <span class='ocrx_word' id='word_1_117' title='bbox 1262 1411 1403 1456; x_wconf 83' lang='lat' dir='ltr'>teneri,</span> <span class='ocrx_word' id='word_1_118' title='bbox 1440 1424 1489 1450; x_wconf 90' lang='lat' dir='ltr'>ne</span> <span class='ocrx_word' id='word_1_119' title='bbox 1527 1411 1670 1450; x_wconf 88' lang='lat' dir='ltr'>scelere</span> 
     </span>
     <span class='ocr_line' id='line_1_21' title="bbox 249 1463 1668 1519; baseline 0.004 -18"><span class='ocrx_word' id='word_1_120' title='bbox 249 1463 423 1502; x_wconf 88' lang='lat' dir='ltr'>ditentur</span> <span class='ocrx_word' id='word_1_121' title='bbox 463 1465 605 1512; x_wconf 88' lang='lat' dir='ltr'>alieno,</span> <span class='ocrx_word' id='word_1_122' title='bbox 647 1466 852 1505; x_wconf 89' lang='lat' dir='ltr'>certissimi</span> <span class='ocrx_word' id='word_1_123' title='bbox 895 1467 991 1505; x_wconf 89' lang='lat' dir='ltr'>iuris</span> <span class='ocrx_word' id='word_1_124' title='bbox 1029 1473 1099 1505; x_wconf 88' lang='lat' dir='ltr'>est.</span> <span class='ocrx_word' id='word_1_125' title='bbox 1161 1468 1300 1506; x_wconf 76' lang='lat' dir='ltr'>auditis</span> <span class='ocrx_word' id='word_1_126' title='bbox 1335 1470 1459 1519; x_wconf 73' lang='lat' dir='ltr'>itaque</span> <span class='ocrx_word' id='word_1_127' title='bbox 1497 1469 1668 1519; x_wconf 91' lang='lat' dir='ltr'>partium</span> 
     </span>
     <span class='ocr_line' id='line_1_22' title="bbox 249 1520 1671 1575; baseline 0.004 -18"><span class='ocrx_word' id='word_1_128' title='bbox 249 1520 542 1570; x_wconf 82' lang='lat' dir='ltr'>allegationibus</span> <span class='ocrx_word' id='word_1_129' title='bbox 575 1535 612 1560; x_wconf 91' lang='lat' dir='ltr'>u.</span> <span class='ocrx_word' id='word_1_130' title='bbox 645 1535 676 1561; x_wconf 90' lang='lat' dir='ltr'>c.</span> <span class='ocrx_word' id='word_1_131' title='bbox 699 1524 910 1574; x_wconf 85' lang='lat' dir='ltr'>proconsul</span> <span class='ocrx_word' id='word_1_132' title='bbox 931 1523 1154 1575; x_wconf 89' lang='lat' dir='ltr'>prouinciae</span> <span class='ocrx_word' id='word_1_133' title='bbox 1175 1523 1324 1562; x_wconf 87' lang='lat' dir='ltr'>Africae</span> <span class='ocrx_word' id='word_1_134' title='bbox 1353 1524 1501 1563; x_wconf 89' lang='lat' dir='ltr'>amicus</span> <span class='ocrx_word' id='word_1_135' title='bbox 1536 1531 1671 1563; x_wconf 89' lang='lat' dir='ltr'>noster</span> 
     </span>
     <span class='ocr_line' id='line_1_23' title="bbox 248 1576 1669 1632; baseline 0.004 -18"><span class='ocrx_word' id='word_1_136' title='bbox 248 1576 288 1614; x_wconf 90' lang='lat' dir='ltr'>in</span> <span class='ocrx_word' id='word_1_137' title='bbox 320 1578 608 1628; x_wconf 84' lang='lat' dir='ltr'>pronuntiando</span> <span class='ocrx_word' id='word_1_138' title='bbox 640 1581 807 1618; x_wconf 86' lang='lat' dir='ltr'>formam</span> <span class='ocrx_word' id='word_1_139' title='bbox 839 1580 937 1618; x_wconf 91' lang='lat' dir='ltr'>iuris</span> <span class='ocrx_word' id='word_1_140' title='bbox 968 1586 1166 1630; x_wconf 89' lang='lat' dir='ltr'>sequetur.</span> <span class='ocrx_word' id='word_1_141' title='bbox 1219 1580 1371 1632; x_wconf 85' lang='lat' dir='ltr'>Scripta</span> <span class='ocrx_word' id='word_1_142' title='bbox 1400 1580 1466 1619; x_wconf 84' lang='lat' dir='ltr'>VII</span> <span class='ocrx_word' id='word_1_143' title='bbox 1488 1581 1561 1620; x_wconf 88' lang='lat' dir='ltr'>kal.</span> <span class='ocrx_word' id='word_1_144' title='bbox 1585 1580 1669 1620; x_wconf 89' lang='lat' dir='ltr'>Oct.</span> 
     </span>
     <span class='ocr_line' id='line_1_24' title="bbox 250 1632 659 1674; baseline 0.01 -4"><span class='ocrx_word' id='word_1_145' title='bbox 250 1632 393 1672; x_wconf 87' lang='lat' dir='ltr'>Sirmio</span> <span class='ocrx_word' id='word_1_146' title='bbox 425 1634 500 1673; x_wconf 85' lang='grc' dir='ltr'>ΑΑ.</span> <span class='ocrx_word' id='word_1_147' title='bbox 533 1648 659 1674; x_wconf 88' lang='lat' dir='ltr'>conss.</span> 
     </span>
    </p>

    <p class='ocr_par' dir='ltr' id='par_1_10' title="bbox 248 1690 1670 1800">
     <span class='ocr_line' id='line_1_25' title="bbox 360 1690 1670 1745; baseline 0.002 -16"><span class='ocrx_word' id='word_1_148' title='bbox 360 1690 648 1742; x_wconf 85' lang='lat' dir='ltr'>Interpretatio.</span> <span class='ocrx_word' id='word_1_149' title='bbox 732 1692 835 1731; x_wconf 91' lang='lat' dir='ltr'>Haec</span> <span class='ocrx_word' id='word_1_150' title='bbox 878 1693 937 1731; x_wconf 85' lang='lat' dir='ltr'>lex</span> <span class='ocrx_word' id='word_1_151' title='bbox 984 1693 1188 1745; x_wconf 86' lang='lat' dir='ltr'>praecipit,</span> <span class='ocrx_word' id='word_1_152' title='bbox 1232 1700 1275 1732; x_wconf 88' lang='lat' dir='ltr'>ut</span> <span class='ocrx_word' id='word_1_153' title='bbox 1318 1693 1359 1731; x_wconf 89' lang='lat' dir='ltr'>in</span> <span class='ocrx_word' id='word_1_154' title='bbox 1406 1693 1670 1733; x_wconf 89' lang='lat' dir='ltr'>criminalibus</span> 
     </span>
     <span class='ocr_line' id='line_1_26' title="bbox 248 1746 1670 1800; baseline 0.004 -16"><span class='ocrx_word' id='word_1_155' title='bbox 248 1746 393 1793; x_wconf 85' lang='lat' dir='ltr'>causis,</span> <span class='ocrx_word' id='word_1_156' title='bbox 436 1748 467 1786; x_wconf 91' lang='lat' dir='ltr'>si</span> <span class='ocrx_word' id='word_1_157' title='bbox 499 1748 586 1799; x_wconf 90' lang='lat' dir='ltr'>quis</span> <span class='ocrx_word' id='word_1_158' title='bbox 623 1755 831 1800; x_wconf 85' lang='lat' dir='ltr'>antequam</span> <span class='ocrx_word' id='word_1_159' title='bbox 870 1750 1060 1789; x_wconf 87' lang='lat' dir='ltr'>moriatur</span> <span class='ocrx_word' id='word_1_160' title='bbox 1104 1763 1183 1789; x_wconf 92' lang='lat' dir='ltr'>non</span> <span class='ocrx_word' id='word_1_161' title='bbox 1229 1751 1348 1789; x_wconf 88' lang='lat' dir='ltr'>fuerit</span> <span class='ocrx_word' id='word_1_162' title='bbox 1383 1750 1429 1788; x_wconf 88' lang='lat' dir='ltr'>de</span> <span class='ocrx_word' id='word_1_163' title='bbox 1473 1750 1563 1790; x_wconf 87' lang='lat' dir='ltr'>facti</span> <span class='ocrx_word' id='word_1_164' title='bbox 1609 1751 1670 1790; x_wconf 88' lang='lat' dir='ltr'>sui</span> 
     </span>
    </p>
   </div>
   <div class='ocr_carea' id='block_1_9' title="bbox 258 1862 468 1869">
    <p class='ocr_par' dir='ltr' id='par_1_11' title="bbox 258 1862 468 1869">
     <span class='ocr_line' id='line_1_27' title="bbox 258 1862 468 1869; baseline 0.005 -1"><span class='ocrx_word' id='word_1_165' title='bbox 258 1862 468 1869; x_wconf 50' lang='lat' dir='ltr'>mmm</span> 
     </span>
    </p>
   </div>
   <div class='ocr_carea' id='block_1_10' title="bbox 478 1862 632 1871">
    <p class='ocr_par' dir='ltr' id='par_1_12' title="bbox 478 1862 632 1871">
     <span class='ocr_line' id='line_1_28' title="bbox 478 1862 632 1871; baseline 0 1140"><span class='ocrx_word' id='word_1_166' title='bbox 478 1862 632 1871; x_wconf 95' lang='lat' dir='ltr'> </span> 
     </span>
    </p>
   </div>
   <div class='ocr_carea' id='block_1_11' title="bbox 245 1933 1669 2688">
    <p class='ocr_par' dir='ltr' id='par_1_13' title="bbox 245 1933 1669 2688">
     <span class='ocr_line' id='line_1_29' title="bbox 340 1933 1669 1978; baseline 0.003 -15"><span class='ocrx_word' id='word_1_167' title='bbox 340 1934 353 1964; x_wconf 91' lang='lat'>1</span> <span class='ocrx_word' id='word_1_168' title='bbox 392 1942 433 1964; x_wconf 82' lang='lat' dir='ltr'>ex</span> <span class='ocrx_word' id='word_1_169' title='bbox 472 1944 560 1975; x_wconf 90' lang='lat' dir='ltr'>corp.</span> <span class='ocrx_word' id='word_1_170' title='bbox 594 1934 710 1973; x_wconf 68' lang='lat' dir='ltr'>herm]</span> <span class='ocrx_word' id='word_1_171' title='bbox 736 1933 840 1966; x_wconf 81' lang='lat' dir='ltr'>JIPV</span> <span class='ocrx_word' id='word_1_172' title='bbox 865 1945 939 1966; x_wconf 78' lang='lat' dir='ltr'>cum</span> <span class='ocrx_word' id='word_1_173' title='bbox 977 1935 1135 1974; x_wconf 60' lang='lat' dir='ltr'>Consulti„</span> <span class='ocrx_word' id='word_1_174' title='bbox 1173 1936 1219 1976; x_wconf 81' lang='lat' dir='ltr'>cf.</span> <span class='ocrx_word' id='word_1_175' title='bbox 1249 1946 1282 1978; x_wconf 83' lang='lat' dir='ltr'>p.</span> <span class='ocrx_word' id='word_1_176' title='bbox 1302 1935 1368 1967; x_wconf 75' lang='lat'>244</span> <span class='ocrx_word' id='word_1_177' title='bbox 1399 1937 1463 1967; x_wconf 75' lang='lat' dir='ltr'>not.</span> <span class='ocrx_word' id='word_1_178' title='bbox 1483 1936 1515 1976; x_wconf 82' lang='lat'>2,</span> <span class='ocrx_word' id='word_1_179' title='bbox 1550 1936 1669 1977; x_wconf 85' lang='lat' dir='ltr'>incipit</span> 
     </span>
     <span class='ocr_line' id='line_1_30' title="bbox 246 1977 1669 2024; baseline 0.004 -17"><span class='ocrx_word' id='word_1_180' title='bbox 246 1977 307 2008; x_wconf 91' lang='lat' dir='ltr'>lib.</span> <span class='ocrx_word' id='word_1_181' title='bbox 338 1978 589 2017; x_wconf 83' lang='lat' dir='ltr'>hermogeniani</span> <span class='ocrx_word' id='word_1_182' title='bbox 616 1989 657 2010; x_wconf 80' lang='lat' dir='ltr'>ex</span> <span class='ocrx_word' id='word_1_183' title='bbox 689 1990 832 2021; x_wconf 84' lang='lat' dir='ltr'>corpore</span> <span class='ocrx_word' id='word_1_184' title='bbox 866 1981 1061 2020; x_wconf 83' lang='lat' dir='ltr'>gregoriani</span> <span class='ocrx_word' id='word_1_185' title='bbox 1091 1979 1131 2012; x_wconf 85' lang='lat' dir='ltr'>G:</span> <span class='ocrx_word' id='word_1_186' title='bbox 1166 1980 1212 2012; x_wconf 79' lang='lat' dir='ltr'>ad</span> <span class='ocrx_word' id='word_1_187' title='bbox 1240 1981 1342 2023; x_wconf 77' lang='lat' dir='ltr'>finem</span> <span class='ocrx_word' id='word_1_188' title='bbox 1367 1983 1533 2024; x_wconf 77' lang='lat' dir='ltr'>epitomae</span> <span class='ocrx_word' id='word_1_189' title='bbox 1556 1982 1587 2012; x_wconf 89' lang='grc' dir='ltr'><em>Ρ</em></span> <span class='ocrx_word' id='word_1_190' title='bbox 1608 1980 1669 2012; x_wconf 85' lang='lat' dir='ltr'>ad-</span> 
     </span>
     <span class='ocr_line' id='line_1_31' title="bbox 245 2023 1669 2068; baseline 0.004 -15"><span class='ocrx_word' id='word_1_191' title='bbox 245 2024 381 2065; x_wconf 75' lang='lat' dir='ltr'>scripsit</span> <span class='ocrx_word' id='word_1_192' title='bbox 410 2023 498 2064; x_wconf 76' lang='lat' dir='ltr'>expl.</span> <span class='ocrx_word' id='word_1_193' title='bbox 527 2023 584 2055; x_wconf 89' lang='lat' dir='ltr'>lib.</span> <span class='ocrx_word' id='word_1_194' title='bbox 613 2025 872 2065; x_wconf 84' lang='lat' dir='ltr'>hermogeniani.</span> <span class='ocrx_word' id='word_1_195' title='bbox 915 2024 924 2060; x_wconf 52' lang='grc' dir='ltr'>’Ν</span> <span class='ocrx_word' id='word_1_196' title='bbox 968 2027 985 2056; x_wconf 78' lang='grc'>2</span> <span class='ocrx_word' id='word_1_197' title='bbox 1013 2025 1025 2057; x_wconf 90' lang='grc' dir='ltr'>Ι</span> <span class='ocrx_word' id='word_1_198' title='bbox 1049 2036 1112 2057; x_wconf 84' lang='lat' dir='ltr'>om.</span> <span class='ocrx_word' id='word_1_199' title='bbox 1142 2025 1176 2058; x_wconf 88' lang='lat' dir='ltr'>G.</span> <span class='ocrx_word' id='word_1_200' title='bbox 1223 2025 1233 2068; x_wconf 91' lang='grc' dir='ltr'>Η</span> <span class='ocrx_word' id='word_1_201' title='bbox 1275 2026 1293 2057; x_wconf 87' lang='grc'><strong>3</strong></span> <span class='ocrx_word' id='word_1_202' title='bbox 1320 2036 1390 2058; x_wconf 85' lang='lat' dir='ltr'>aur.</span> <span class='ocrx_word' id='word_1_203' title='bbox 1417 2026 1460 2057; x_wconf 84' lang='lat' dir='ltr'>al.</span> <span class='ocrx_word' id='word_1_204' title='bbox 1485 2036 1549 2058; x_wconf 87' lang='lat' dir='ltr'>om.</span> <span class='ocrx_word' id='word_1_205' title='bbox 1571 2025 1614 2058; x_wconf 92' lang='lat' dir='ltr'>V.</span> <span class='ocrx_word' id='word_1_206' title='bbox 1658 2025 1669 2068; x_wconf 87' lang='grc' dir='ltr'>Η</span> 
     </span>
     <span class='ocr_line' id='line_1_32' title="bbox 246 2068 1665 2111; baseline 0.003 -13"><span class='ocrx_word' id='word_1_207' title='bbox 246 2068 399 2100; x_wconf 81' lang='lat' dir='ltr'>aurelius</span> <span class='ocrx_word' id='word_1_208' title='bbox 423 2068 461 2099; x_wconf 90' lang='lat' dir='ltr'>P.</span> <span class='ocrx_word' id='word_1_209' title='bbox 516 2068 525 2111; x_wconf 99' lang='grc' dir='ltr'>Η</span> <span class='ocrx_word' id='word_1_210' title='bbox 573 2070 818 2110; x_wconf 83' lang='lat' dir='ltr'>exceptionem]</span> <span class='ocrx_word' id='word_1_211' title='bbox 855 2070 1027 2111; x_wconf 60' lang='lat' dir='ltr'>Casae-ius,</span> <span class='ocrx_word' id='word_1_212' title='bbox 1062 2081 1101 2102; x_wconf 77' lang='lat' dir='ltr'>ex</span> <span class='ocrx_word' id='word_1_213' title='bbox 1133 2072 1183 2110; x_wconf 89' lang='lat' dir='ltr'>(et</span> <span class='ocrx_word' id='word_1_214' title='bbox 1214 2082 1256 2103; x_wconf 80' lang='lat' dir='ltr'>ex</span> <span class='ocrx_word' id='word_1_215' title='bbox 1282 2070 1342 2111; x_wconf 80' lang='lat' dir='ltr'>Ga)</span> <span class='ocrx_word' id='word_1_216' title='bbox 1374 2072 1528 2103; x_wconf 84' lang='lat' dir='ltr'>cautione</span> <span class='ocrx_word' id='word_1_217' title='bbox 1564 2069 1665 2103; x_wconf 88' lang='lat' dir='ltr'><em>GPV.</em></span> 
     </span>
     <span class='ocr_line' id='line_1_33' title="bbox 246 2111 1667 2158; baseline 0.003 -14"><span class='ocrx_word' id='word_1_218' title='bbox 246 2111 257 2153; x_wconf 86' lang='grc' dir='ltr'>Η</span> <span class='ocrx_word' id='word_1_219' title='bbox 299 2114 319 2143; x_wconf 77' lang='lat'>4</span> <span class='ocrx_word' id='word_1_220' title='bbox 345 2115 414 2153; x_wconf 90' lang='lat' dir='ltr'>sed]</span> <span class='ocrx_word' id='word_1_221' title='bbox 441 2114 496 2145; x_wconf 90' lang='lat' dir='ltr'>sed</span> <span class='ocrx_word' id='word_1_222' title='bbox 524 2115 557 2145; x_wconf 88' lang='lat' dir='ltr'>in</span> <span class='ocrx_word' id='word_1_223' title='bbox 575 2114 649 2146; x_wconf 87' lang='lat' dir='ltr'>PV.</span> <span class='ocrx_word' id='word_1_224' title='bbox 684 2113 695 2157; x_wconf 94' lang='grc' dir='ltr'>Η</span> <span class='ocrx_word' id='word_1_225' title='bbox 738 2115 756 2145; x_wconf 86' lang='grc'>5</span> <span class='ocrx_word' id='word_1_226' title='bbox 785 2114 855 2147; x_wconf 85' lang='lat' dir='ltr'>VIII</span> <span class='ocrx_word' id='word_1_227' title='bbox 881 2116 953 2147; x_wconf 68' lang='lat' dir='ltr'>PJ‘.</span> <span class='ocrx_word' id='word_1_228' title='bbox 985 2119 995 2158; x_wconf 75' lang='grc' dir='ltr'>Η</span> <span class='ocrx_word' id='word_1_229' title='bbox 1031 2117 1138 2148; x_wconf 86' lang='lat' dir='ltr'>firmio</span> <span class='ocrx_word' id='word_1_230' title='bbox 1160 2116 1194 2148; x_wconf 89' lang='lat' dir='ltr'>G.</span> <span class='ocrx_word' id='word_1_231' title='bbox 1235 2118 1248 2154; x_wconf 91' lang='grc' dir='ltr'>ΙΙ</span> <span class='ocrx_word' id='word_1_232' title='bbox 1289 2127 1375 2148; x_wconf 87' lang='lat' dir='ltr'>caes.</span> <span class='ocrx_word' id='word_1_233' title='bbox 1404 2117 1523 2156; x_wconf 90' lang='lat' dir='ltr'>conss.]</span> <span class='ocrx_word' id='word_1_234' title='bbox 1550 2126 1667 2148; x_wconf 84' lang='lat' dir='ltr'>cesare</span> 
     </span>
     <span class='ocr_line' id='line_1_34' title="bbox 248 2155 1668 2203; baseline 0.002 -14"><span class='ocrx_word' id='word_1_235' title='bbox 248 2155 286 2197; x_wconf 87' lang='lat' dir='ltr'>G,</span> <span class='ocrx_word' id='word_1_236' title='bbox 312 2169 398 2190; x_wconf 81' lang='lat' dir='ltr'>caes.</span> <span class='ocrx_word' id='word_1_237' title='bbox 419 2158 482 2199; x_wconf 65' lang='lat' dir='ltr'>Va,</span> <span class='ocrx_word' id='word_1_238' title='bbox 508 2169 615 2191; x_wconf 86' lang='lat' dir='ltr'>caesr.</span> <span class='ocrx_word' id='word_1_239' title='bbox 633 2160 671 2190; x_wconf 89' lang='lat' dir='ltr'>P.</span> <span class='ocrx_word' id='word_1_240' title='bbox 702 2159 712 2200; x_wconf 89' lang='grc' dir='ltr'>Η</span> <span class='ocrx_word' id='word_1_241' title='bbox 744 2162 762 2192; x_wconf 84' lang='grc'>6</span> <span class='ocrx_word' id='word_1_242' title='bbox 789 2170 831 2192; x_wconf 73' lang='lat' dir='ltr'>ex</span> <span class='ocrx_word' id='word_1_243' title='bbox 856 2171 946 2202; x_wconf 83' lang='lat' dir='ltr'>corp.</span> <span class='ocrx_word' id='word_1_244' title='bbox 973 2162 1097 2201; x_wconf 70' lang='lat' dir='ltr'>theod]</span> <span class='ocrx_word' id='word_1_245' title='bbox 1125 2161 1200 2193; x_wconf 82' lang='lat' dir='ltr'>Cod.</span> <span class='ocrx_word' id='word_1_246' title='bbox 1232 2161 1351 2194; x_wconf 74' lang='lat' dir='ltr'>Theod.</span> <span class='ocrx_word' id='word_1_247' title='bbox 1376 2162 1409 2202; x_wconf 87' lang='grc'>2,</span> <span class='ocrx_word' id='word_1_248' title='bbox 1434 2162 1486 2193; x_wconf 77' lang='lat'>27.</span> <span class='ocrx_word' id='word_1_249' title='bbox 1528 2160 1538 2203; x_wconf 94' lang='grc' dir='ltr'>Η</span> <span class='ocrx_word' id='word_1_250' title='bbox 1581 2161 1600 2193; x_wconf 77' lang='grc'>8</span> <span class='ocrx_word' id='word_1_251' title='bbox 1625 2171 1668 2192; x_wconf 82' lang='lat' dir='ltr'>ex</span> 
     </span>
     <span class='ocr_line' id='line_1_35' title="bbox 246 2202 1665 2248; baseline 0.003 -14"><span class='ocrx_word' id='word_1_252' title='bbox 246 2213 310 2234; x_wconf 84' lang='lat' dir='ltr'>om.</span> <span class='ocrx_word' id='word_1_253' title='bbox 332 2202 368 2235; x_wconf 86' lang='lat' dir='ltr'>G.</span> <span class='ocrx_word' id='word_1_254' title='bbox 416 2202 426 2246; x_wconf 95' lang='grc' dir='ltr'>Η</span> <span class='ocrx_word' id='word_1_255' title='bbox 476 2205 641 2235; x_wconf 88' lang='lat' dir='ltr'>credimus</span> <span class='ocrx_word' id='word_1_256' title='bbox 670 2203 734 2236; x_wconf 91' lang='lat' dir='ltr'>GP.</span> <span class='ocrx_word' id='word_1_257' title='bbox 777 2206 786 2247; x_wconf 66' lang='lat' dir='ltr'><em>J</em></span> <span class='ocrx_word' id='word_1_258' title='bbox 836 2216 897 2247; x_wconf 90' lang='lat' dir='ltr'>quo</span> <span class='ocrx_word' id='word_1_259' title='bbox 924 2207 1075 2238; x_wconf 82' lang='lat' dir='ltr'>constari</span> <span class='ocrx_word' id='word_1_260' title='bbox 1103 2206 1139 2239; x_wconf 86' lang='lat' dir='ltr'>G.</span> <span class='ocrx_word' id='word_1_261' title='bbox 1182 2206 1193 2248; x_wconf 91' lang='grc' dir='ltr'>Η</span> <span class='ocrx_word' id='word_1_262' title='bbox 1238 2205 1529 2240; x_wconf 70' lang='lat' dir='ltr'>110stensitG11.</span> <span class='ocrx_word' id='word_1_263' title='bbox 1571 2205 1581 2248; x_wconf 89' lang='grc' dir='ltr'>Η</span> <span class='ocrx_word' id='word_1_264' title='bbox 1626 2206 1665 2238; x_wconf 86' lang='grc'>12</span> 
     </span>
     <span class='ocr_line' id='line_1_36' title="bbox 246 2248 1663 2295; baseline 0.002 -16"><span class='ocrx_word' id='word_1_265' title='bbox 246 2249 394 2288; x_wconf 81' lang='lat' dir='ltr'>delictis]</span> <span class='ocrx_word' id='word_1_266' title='bbox 433 2249 568 2281; x_wconf 86' lang='lat' dir='ltr'>illicitis</span> <span class='ocrx_word' id='word_1_267' title='bbox 590 2248 627 2289; x_wconf 86' lang='lat' dir='ltr'>G,</span> <span class='ocrx_word' id='word_1_268' title='bbox 661 2250 787 2281; x_wconf 88' lang='lat' dir='ltr'>diliciis</span> <span class='ocrx_word' id='word_1_269' title='bbox 813 2251 850 2282; x_wconf 91' lang='lat' dir='ltr'>P.</span> <span class='ocrx_word' id='word_1_270' title='bbox 901 2250 910 2291; x_wconf 86' lang='grc' dir='ltr'>Η</span> <span class='ocrx_word' id='word_1_271' title='bbox 961 2252 1169 2283; x_wconf 74' lang='lat' dir='ltr'>desuetorum</span> <span class='ocrx_word' id='word_1_272' title='bbox 1193 2252 1253 2283; x_wconf 64' lang='lat' dir='ltr'>PH.</span> <span class='ocrx_word' id='word_1_273' title='bbox 1295 2252 1306 2295; x_wconf 92' lang='grc' dir='ltr'>Η</span> <span class='ocrx_word' id='word_1_274' title='bbox 1347 2250 1663 2294; x_wconf 79' lang='lat' dir='ltr'>quaeadmodumV.</span> 
     </span>
     <span class='ocr_line' id='line_1_37' title="bbox 248 2292 1667 2339; baseline 0.001 -14"><span class='ocrx_word' id='word_1_275' title='bbox 248 2292 260 2333; x_wconf 90' lang='grc' dir='ltr'>Η</span> <span class='ocrx_word' id='word_1_276' title='bbox 300 2295 522 2326; x_wconf 83' lang='lat' dir='ltr'>conueniatur</span> <span class='ocrx_word' id='word_1_277' title='bbox 538 2295 578 2326; x_wconf 90' lang='lat' dir='ltr'>P.</span> <span class='ocrx_word' id='word_1_278' title='bbox 624 2294 636 2338; x_wconf 91' lang='grc' dir='ltr'>Η</span> <span class='ocrx_word' id='word_1_279' title='bbox 685 2296 726 2326; x_wconf 75' lang='lat'>14</span> <span class='ocrx_word' id='word_1_280' title='bbox 752 2297 902 2327; x_wconf 77' lang='lat' dir='ltr'>aurelius</span> <span class='ocrx_word' id='word_1_281' title='bbox 926 2297 1001 2328; x_wconf 85' lang='lat' dir='ltr'>PV.</span> <span class='ocrx_word' id='word_1_282' title='bbox 1050 2296 1060 2339; x_wconf 92' lang='grc' dir='ltr'>Η</span> <span class='ocrx_word' id='word_1_283' title='bbox 1109 2297 1221 2336; x_wconf 90' lang='lat' dir='ltr'>ennio]</span> <span class='ocrx_word' id='word_1_284' title='bbox 1254 2303 1287 2328; x_wconf 85' lang='lat' dir='ltr'>et</span> <span class='ocrx_word' id='word_1_285' title='bbox 1312 2299 1426 2329; x_wconf 88' lang='lat' dir='ltr'>tennio</span> <span class='ocrx_word' id='word_1_286' title='bbox 1454 2296 1490 2329; x_wconf 90' lang='lat' dir='ltr'>G.</span> <span class='ocrx_word' id='word_1_287' title='bbox 1532 2298 1543 2337; x_wconf 92' lang='grc' dir='ltr'>Η</span> <span class='ocrx_word' id='word_1_288' title='bbox 1588 2306 1667 2327; x_wconf 85' lang='lat' dir='ltr'>eon-</span> 
     </span>
     <span class='ocr_line' id='line_1_38' title="bbox 246 2339 1666 2384; baseline 0.002 -14"><span class='ocrx_word' id='word_1_289' title='bbox 246 2344 372 2371; x_wconf 84' lang='lat' dir='ltr'>testato</span> <span class='ocrx_word' id='word_1_290' title='bbox 394 2339 450 2372; x_wconf 66' lang='grc' dir='ltr'><em>(Ια.</em></span> <span class='ocrx_word' id='word_1_291' title='bbox 492 2340 505 2380; x_wconf 89' lang='grc' dir='ltr'>Η</span> <span class='ocrx_word' id='word_1_292' title='bbox 548 2341 586 2371; x_wconf 84' lang='grc'>15</span> <span class='ocrx_word' id='word_1_293' title='bbox 613 2341 760 2382; x_wconf 84' lang='lat' dir='ltr'>proprio]</span> <span class='ocrx_word' id='word_1_294' title='bbox 788 2342 901 2382; x_wconf 82' lang='lat' dir='ltr'>priore</span> <span class='ocrx_word' id='word_1_295' title='bbox 926 2342 964 2380; x_wconf 88' lang='lat' dir='ltr'>P,</span> <span class='ocrx_word' id='word_1_296' title='bbox 992 2344 1024 2373; x_wconf 77' lang='grc' dir='ltr'>ῖη</span> <span class='ocrx_word' id='word_1_297' title='bbox 1062 2344 1198 2384; x_wconf 87' lang='lat' dir='ltr'>proprio</span> <span class='ocrx_word' id='word_1_298' title='bbox 1231 2342 1351 2374; x_wconf 76' lang='lat' dir='ltr'>desinit</span> <span class='ocrx_word' id='word_1_299' title='bbox 1372 2341 1405 2374; x_wconf 92' lang='lat' dir='ltr'>G.</span> <span class='ocrx_word' id='word_1_300' title='bbox 1440 2340 1450 2383; x_wconf 93' lang='grc' dir='ltr'>Η</span> <span class='ocrx_word' id='word_1_301' title='bbox 1485 2343 1666 2373; x_wconf 83' lang='lat' dir='ltr'>conuenire</span> 
     </span>
     <span class='ocr_line' id='line_1_39' title="bbox 245 2385 1667 2427; baseline 0.002 -12"><span class='ocrx_word' id='word_1_302' title='bbox 245 2385 284 2415; x_wconf 88' lang='lat' dir='ltr'>P.</span> <span class='ocrx_word' id='word_1_303' title='bbox 323 2386 332 2427; x_wconf 94' lang='grc' dir='ltr'>Η</span> <span class='ocrx_word' id='word_1_304' title='bbox 369 2395 582 2417; x_wconf 85' lang='lat' dir='ltr'>successores</span> <span class='ocrx_word' id='word_1_305' title='bbox 610 2397 671 2417; x_wconf 90' lang='lat' dir='ltr'>non</span> <span class='ocrx_word' id='word_1_306' title='bbox 693 2387 823 2427; x_wconf 88' lang='lat' dir='ltr'>possint</span> <span class='ocrx_word' id='word_1_307' title='bbox 851 2386 1007 2419; x_wconf 65' lang='lat' dir='ltr'>Cm&#39;acz&#39;as</span> <span class='ocrx_word' id='word_1_308' title='bbox 1034 2389 1125 2426; x_wconf 76' lang='lat' dir='ltr'>(cum</span> <span class='ocrx_word' id='word_1_309' title='bbox 1150 2387 1243 2419; x_wconf 77' lang='lat' dir='ltr'>libris</span> <span class='ocrx_word' id='word_1_310' title='bbox 1268 2387 1463 2425; x_wconf 71' lang='lat' dir='ltr'>Haenelz’i?J,</span> <span class='ocrx_word' id='word_1_311' title='bbox 1489 2393 1667 2419; x_wconf 79' lang='lat' dir='ltr'>successor</span> 
     </span>
     <span class='ocr_line' id='line_1_40' title="bbox 247 2430 1666 2475; baseline 0.003 -16"><span class='ocrx_word' id='word_1_312' title='bbox 247 2440 309 2460; x_wconf 90' lang='lat' dir='ltr'>non</span> <span class='ocrx_word' id='word_1_313' title='bbox 337 2431 446 2471; x_wconf 81' lang='lat' dir='ltr'>possit</span> <span class='ocrx_word' id='word_1_314' title='bbox 470 2430 547 2463; x_wconf 89' lang='lat' dir='ltr'>PV.</span> <span class='ocrx_word' id='word_1_315' title='bbox 596 2430 606 2473; x_wconf 91' lang='grc' dir='ltr'>Η</span> <span class='ocrx_word' id='word_1_316' title='bbox 655 2431 695 2462; x_wconf 84' lang='grc'>16</span> <span class='ocrx_word' id='word_1_317' title='bbox 727 2433 909 2464; x_wconf 88' lang='lat' dir='ltr'>conuenire</span> <span class='ocrx_word' id='word_1_318' title='bbox 932 2433 967 2463; x_wconf 91' lang='lat' dir='ltr'>P.</span> <span class='ocrx_word' id='word_1_319' title='bbox 1019 2432 1030 2475; x_wconf 91' lang='grc' dir='ltr'>Η</span> <span class='ocrx_word' id='word_1_320' title='bbox 1077 2434 1199 2473; x_wconf 85' lang='lat' dir='ltr'>tamen]</span> <span class='ocrx_word' id='word_1_321' title='bbox 1232 2444 1295 2464; x_wconf 89' lang='lat' dir='ltr'>non</span> <span class='ocrx_word' id='word_1_322' title='bbox 1322 2438 1429 2464; x_wconf 86' lang='lat' dir='ltr'>tamen</span> <span class='ocrx_word' id='word_1_323' title='bbox 1453 2431 1495 2463; x_wconf 88' lang='lat' dir='ltr'>V.</span> <span class='ocrx_word' id='word_1_324' title='bbox 1546 2431 1557 2474; x_wconf 92' lang='grc' dir='ltr'>Η</span> <span class='ocrx_word' id='word_1_325' title='bbox 1604 2433 1666 2463; x_wconf 83' lang='lat' dir='ltr'>hoc</span> 
     </span>
     <span class='ocr_line' id='line_1_41' title="bbox 245 2475 1667 2519; baseline 0.001 -13"><span class='ocrx_word' id='word_1_326' title='bbox 245 2475 342 2507; x_wconf 61' lang='lat' dir='ltr'>Pali</span> <span class='ocrx_word' id='word_1_327' title='bbox 396 2475 406 2518; x_wconf 93' lang='grc' dir='ltr'>Η</span> <span class='ocrx_word' id='word_1_328' title='bbox 465 2477 501 2506; x_wconf 80' lang='grc'>17</span> <span class='ocrx_word' id='word_1_329' title='bbox 534 2476 566 2506; x_wconf 87' lang='lat' dir='ltr'>in</span> <span class='ocrx_word' id='word_1_330' title='bbox 599 2487 663 2508; x_wconf 82' lang='lat' dir='ltr'>om.</span> <span class='ocrx_word' id='word_1_331' title='bbox 690 2476 732 2508; x_wconf 88' lang='lat' dir='ltr'>V.</span> <span class='ocrx_word' id='word_1_332' title='bbox 781 2476 792 2518; x_wconf 94' lang='grc' dir='ltr'>Η</span> <span class='ocrx_word' id='word_1_333' title='bbox 838 2478 1004 2518; x_wconf 84' lang='lat' dir='ltr'>peruenit]</span> <span class='ocrx_word' id='word_1_334' title='bbox 1044 2478 1215 2519; x_wconf 72' lang='lat' dir='ltr'>pertinent</span> <span class='ocrx_word' id='word_1_335' title='bbox 1241 2478 1284 2510; x_wconf 91' lang='lat' dir='ltr'>V.</span> <span class='ocrx_word' id='word_1_336' title='bbox 1334 2478 1343 2519; x_wconf 87' lang='grc' dir='ltr'>Η</span> <span class='ocrx_word' id='word_1_337' title='bbox 1391 2479 1442 2516; x_wconf 93' lang='lat' dir='ltr'>ne]</span> <span class='ocrx_word' id='word_1_338' title='bbox 1481 2487 1541 2509; x_wconf 88' lang='lat' dir='ltr'>nec</span> <span class='ocrx_word' id='word_1_339' title='bbox 1566 2477 1607 2508; x_wconf 90' lang='lat' dir='ltr'>P.</span> <span class='ocrx_word' id='word_1_340' title='bbox 1655 2476 1667 2518; x_wconf 86' lang='grc' dir='ltr'>Η</span> 
     </span>
     <span class='ocr_line' id='line_1_42' title="bbox 249 2520 1666 2565; baseline 0.001 -13"><span class='ocrx_word' id='word_1_341' title='bbox 249 2520 288 2552; x_wconf 76' lang='grc'>18</span> <span class='ocrx_word' id='word_1_342' title='bbox 326 2521 451 2552; x_wconf 79' lang='lat' dir='ltr'>auditis</span> <span class='ocrx_word' id='word_1_343' title='bbox 487 2521 599 2563; x_wconf 85' lang='lat' dir='ltr'>itaque</span> <span class='ocrx_word' id='word_1_344' title='bbox 630 2522 804 2561; x_wconf 71' lang='lat' dir='ltr'>Cuiacius,</span> <span class='ocrx_word' id='word_1_345' title='bbox 841 2523 971 2554; x_wconf 87' lang='lat' dir='ltr'>addidit</span> <span class='ocrx_word' id='word_1_346' title='bbox 1006 2524 1107 2554; x_wconf 81' lang='lat' dir='ltr'>etiam</span> <span class='ocrx_word' id='word_1_347' title='bbox 1133 2524 1205 2556; x_wconf 82' lang='lat' dir='ltr'>PV.</span> <span class='ocrx_word' id='word_1_348' title='bbox 1257 2522 1268 2565; x_wconf 90' lang='grc' dir='ltr'>Η</span> <span class='ocrx_word' id='word_1_349' title='bbox 1324 2525 1362 2555; x_wconf 79' lang='grc'>19</span> <span class='ocrx_word' id='word_1_350' title='bbox 1401 2523 1666 2554; x_wconf 86' lang='lat' dir='ltr'>adlenitionibus</span> 
     </span>
     <span class='ocr_line' id='line_1_43' title="bbox 247 2564 1664 2610; baseline 0.001 -14"><span class='ocrx_word' id='word_1_351' title='bbox 247 2565 286 2595; x_wconf 89' lang='lat' dir='ltr'>P.</span> <span class='ocrx_word' id='word_1_352' title='bbox 335 2564 345 2606; x_wconf 81' lang='grc' dir='ltr'>Η</span> <span class='ocrx_word' id='word_1_353' title='bbox 393 2567 434 2597; x_wconf 81' lang='grc'>20</span> <span class='ocrx_word' id='word_1_354' title='bbox 460 2567 739 2608; x_wconf 84' lang='lat' dir='ltr'>pronuntiandum</span> <span class='ocrx_word' id='word_1_355' title='bbox 763 2567 804 2598; x_wconf 91' lang='lat' dir='ltr'>P.</span> <span class='ocrx_word' id='word_1_356' title='bbox 848 2566 858 2609; x_wconf 90' lang='grc' dir='ltr'>Η</span> <span class='ocrx_word' id='word_1_357' title='bbox 907 2567 1010 2599; x_wconf 85' lang='lat' dir='ltr'>forma</span> <span class='ocrx_word' id='word_1_358' title='bbox 1038 2570 1074 2600; x_wconf 89' lang='lat' dir='ltr'>P.</span> <span class='ocrx_word' id='word_1_359' title='bbox 1117 2567 1128 2610; x_wconf 91' lang='grc' dir='ltr'>Η</span> <span class='ocrx_word' id='word_1_360' title='bbox 1170 2570 1323 2609; x_wconf 82' lang='lat' dir='ltr'>sequitur</span> <span class='ocrx_word' id='word_1_361' title='bbox 1348 2567 1425 2599; x_wconf 76' lang='lat' dir='ltr'>PV.</span> <span class='ocrx_word' id='word_1_362' title='bbox 1472 2567 1481 2608; x_wconf 68' lang='grc' dir='ltr'>Η</span> <span class='ocrx_word' id='word_1_363' title='bbox 1524 2567 1664 2609; x_wconf 78' lang='lat' dir='ltr'>scripta]</span> 
     </span>
     <span class='ocr_line' id='line_1_44' title="bbox 247 2610 1665 2656; baseline 0.003 -15"><span class='ocrx_word' id='word_1_364' title='bbox 247 2610 373 2651; x_wconf 86' lang='lat' dir='ltr'>scripta</span> <span class='ocrx_word' id='word_1_365' title='bbox 406 2612 473 2642; x_wconf 85' lang='lat' dir='ltr'>dat.</span> <span class='ocrx_word' id='word_1_366' title='bbox 501 2612 540 2643; x_wconf 85' lang='lat' dir='ltr'>P.</span> <span class='ocrx_word' id='word_1_367' title='bbox 576 2611 585 2652; x_wconf 83' lang='grc' dir='ltr'>Η</span> <span class='ocrx_word' id='word_1_368' title='bbox 621 2612 661 2644; x_wconf 88' lang='grc'>21</span> <span class='ocrx_word' id='word_1_369' title='bbox 689 2613 782 2644; x_wconf 87' lang='lat' dir='ltr'>sirmi</span> <span class='ocrx_word' id='word_1_370' title='bbox 802 2612 845 2644; x_wconf 77' lang='lat' dir='ltr'>V.</span> <span class='ocrx_word' id='word_1_371' title='bbox 888 2613 898 2654; x_wconf 82' lang='grc' dir='ltr'>Η</span> <span class='ocrx_word' id='word_1_372' title='bbox 940 2613 981 2644; x_wconf 80' lang='grc'>22</span> <span class='ocrx_word' id='word_1_373' title='bbox 1008 2614 1180 2656; x_wconf 86' lang='lat' dir='ltr'>praecepit</span> <span class='ocrx_word' id='word_1_374' title='bbox 1197 2613 1236 2644; x_wconf 87' lang='lat' dir='ltr'>P.</span> <span class='ocrx_word' id='word_1_375' title='bbox 1272 2612 1281 2653; x_wconf 91' lang='grc' dir='ltr'>Η</span> <span class='ocrx_word' id='word_1_376' title='bbox 1316 2613 1358 2644; x_wconf 88' lang='grc'>23</span> <span class='ocrx_word' id='word_1_377' title='bbox 1384 2613 1483 2645; x_wconf 83' lang='lat' dir='ltr'>factis</span> <span class='ocrx_word' id='word_1_378' title='bbox 1509 2615 1580 2645; x_wconf 89' lang='lat' dir='ltr'>suis</span> <span class='ocrx_word' id='word_1_379' title='bbox 1599 2612 1665 2654; x_wconf 71' lang='lat' dir='ltr'>Va,</span> 
     </span>
     <span class='ocr_line' id='line_1_45' title="bbox 246 2654 503 2688; baseline 0.008 -3"><span class='ocrx_word' id='word_1_380' title='bbox 246 2654 346 2686; x_wconf 82' lang='lat' dir='ltr'>factis</span> <span class='ocrx_word' id='word_1_381' title='bbox 372 2656 424 2687; x_wconf 90' lang='lat' dir='ltr'>sui</span> <span class='ocrx_word' id='word_1_382' title='bbox 443 2656 503 2688; x_wconf 82' lang='lat' dir='ltr'>Vb.</span> 
     </span>
    </p>
   </div>
   <div class='ocr_carea' id='block_1_12' title="bbox 1690 572 1787 662">
    <p class='ocr_par' dir='ltr' id='par_1_14' title="bbox 1690 572 1787 662">
     <span class='ocr_line' id='line_1_46' title="bbox 1719 572 1742 605; baseline 0 0"><span class='ocrx_word' id='word_1_383' title='bbox 1719 572 1742 605; x_wconf 87' lang='lat'>4</span> 
     </span>
     <span class='ocr_line' id='line_1_47' title="bbox 1690 636 1787 662; baseline 0.021 -2"><span class='ocrx_word' id='word_1_384' title='bbox 1690 642 1715 660; x_wconf 81' lang='lat' dir='ltr'>a.</span> <span class='ocrx_word' id='word_1_385' title='bbox 1735 636 1787 662; x_wconf 77' lang='lat'>294</span> 
     </span>
    </p>
   </div>
   <div class='ocr_carea' id='block_1_13' title="bbox 1698 914 1743 947">
    <p class='ocr_par' dir='ltr' id='par_1_15' title="bbox 1698 914 1743 947">
     <span class='ocr_line' id='line_1_48' title="bbox 1698 914 1743 947; baseline 0.022 -1"><span class='ocrx_word' id='word_1_386' title='bbox 1698 914 1743 947; x_wconf 93' lang='lat'>10</span> 
     </span>
    </p>
   </div>
   <div class='ocr_carea' id='block_1_14' title="bbox 1698 1303 1740 1337">
    <p class='ocr_par' dir='ltr' id='par_1_16' title="bbox 1698 1303 1740 1337">
     <span class='ocr_line' id='line_1_49' title="bbox 1698 1303 1740 1337; baseline 0.024 -1"><span class='ocrx_word' id='word_1_387' title='bbox 1698 1303 1740 1337; x_wconf 87' lang='grc'>15</span> 
     </span>
    </p>
   </div>
   <div class='ocr_carea' id='block_1_15' title="bbox 1687 1588 1819 1678">
    <p class='ocr_par' dir='ltr' id='par_1_17' title="bbox 1687 1588 1819 1678">
     <span class='ocr_line' id='line_1_50' title="bbox 1697 1588 1819 1642; baseline 0.008 -21"><span class='ocrx_word' id='word_1_388' title='bbox 1697 1588 1741 1622; x_wconf 82' lang='grc'>20</span> <span class='ocrx_word' id='word_1_389' title='bbox 1818 1638 1819 1642; x_wconf 14' lang='lat'>¹</span> 
     </span>
     <span class='ocr_line' id='line_1_51' title="bbox 1687 1652 1785 1678; baseline 0 -1"><span class='ocrx_word' id='word_1_390' title='bbox 1687 1659 1712 1678; x_wconf 81' lang='lat' dir='ltr'>a.</span> <span class='ocrx_word' id='word_1_391' title='bbox 1731 1652 1785 1677; x_wconf 83' lang='lat'>293</span> 
     </span>
    </p>
   </div>
  </div>
 </body>
</html>
