1823 3016
0 2412 3 2429 l

0 2436 2 2478 ῐ

0 2489 2 2500 l

316 893 397 932 Hoc
419 893 531 931 titulo
553 890 753 944 inscripsit
775 892 953 932 Cuiacius
975 897 1182 932 tractatum
1207 892 1273 943 qui
1296 891 1484 943 sequitur,
1508 904 1625 942 quem

200 952 240 990 in
279 962 440 1002 operum
482 962 642 988 suorum
675 949 902 988 collectione
934 948 1091 987 Parisiis
1126 949 1246 993 1577,
1280 949 1318 987 in
1356 951 1484 987 fronte
1523 950 1626 987 Con-

202 1007 457 1047 sultationum
490 1006 583 1056 (uol.
616 1006 631 1043 Ι
662 1018 698 1056 p.
724 1005 801 1044 271
838 1006 940 1056 sqq.)
972 1005 1103 1044 edidit.
1157 1005 1261 1043 hunc
1294 1010 1501 1044 tractatum
1536 1017 1624 1044 cum

201 1063 379 1103 Cuiacius
409 1063 484 1101 iam
518 1075 550 1100 a.
577 1061 682 1100 1563
716 1062 762 1100 ab
784 1061 954 1100 Antonio
987 1061 1152 1100 Loisello
1185 1061 1407 1112 accepisset,
1439 1062 1529 1100 inde
1561 1074 1625 1100 eas

200 1120 310 1158 Pauli
356 1118 581 1164 sententias,
628 1130 726 1168 quae
769 1130 814 1156 ex
851 1130 895 1156 eo
937 1118 1095 1156 demum
1134 1117 1406 1164 innotuerunt,
1453 1118 1627 1168 itemque

200 1175 408 1214 nonnullas
445 1175 747 1213 constitutiones
785 1187 817 1212 a.
853 1174 962 1212 1564
996 1174 1037 1212 in
1075 1173 1406 1212 Obseruationum
1439 1174 1537 1213 libro
1561 1175 1627 1212 VII

199 1245 231 1271 c.
256 1233 293 1271 5.
326 1231 392 1270 26.
426 1231 478 1269 27
511 1230 683 1269 ediderat
714 1230 769 1281 (3,
794 1230 916 1269 6—9.
950 1231 987 1277 4,
1019 1231 1056 1269 3.
1090 1231 1113 1269 7
1146 1236 1242 1269 extr.
1274 1232 1310 1276 5,
1341 1231 1463 1269 5—7.
1497 1231 1533 1276 6,
1558 1232 1625 1269 53.

200 1289 237 1328 6.
271 1288 307 1327 8.
341 1288 378 1327 9.
413 1287 495 1335 13),
534 1286 673 1326 deinde
712 1287 864 1326 easdem
899 1287 1112 1326 sententias
1144 1293 1183 1326 et
1213 1287 1513 1326 constitutiones
1545 1288 1627 1326 fere

200 1357 336 1384 omnes
368 1357 465 1395 quae
497 1344 537 1382 in
569 1344 675 1382 hunc
706 1349 913 1383 tractatum
945 1350 1122 1396 receptae
1149 1350 1242 1383 sunt
1265 1344 1483 1383 collectioni
1504 1344 1626 1383 libro-

199 1414 286 1440 rum
318 1401 415 1440 iuris
446 1400 750 1439 Anteiustiniani
782 1413 814 1439 a.
847 1401 954 1440 1566
986 1401 1166 1452 Lugduni
1197 1401 1321 1440 editae
1352 1401 1624 1452 inserueratl).

199 1458 364 1509 denique
386 1463 593 1509 postquam
617 1470 649 1496 a.
671 1458 778 1496 1577
801 1457 924 1508 ipsam
950 1457 1285 1496 Consultationem
1310 1457 1441 1504 edidit,
1465 1458 1625 1496 alteram

199 1514 504 1554 Consultationis
523 1513 733 1553 editionem
753 1514 787 1552 ei
805 1514 973 1553 fontium
992 1514 1090 1553 iuris
1107 1514 1411 1553 Anteiustiniani
1429 1514 1626 1553 collectio-

198 1571 251 1616 ni,
274 1584 371 1622 quae
393 1584 426 1610 a.
447 1571 554 1610 1586
572 1570 730 1609 Parisiis
753 1570 908 1622 prodiit,
932 1571 1111 1610 Cuiacius
1133 1571 1184 1610 ita
1205 1571 1384 1616 inseruit,
1408 1577 1451 1609 ut
1473 1571 1520 1609 ab
1542 1571 1624 1609 edi—

198 1628 305 1667 tione
336 1628 429 1667 anni
453 1628 560 1666 1577
583 1627 621 1665 in
645 1627 844 1666 nonnullis
866 1627 960 1666 locis
982 1628 1182 1666 recederet
1204 1634 1242 1666 et
1263 1633 1451 1666 tractatus
1475 1628 1622 1666 exitum

198 1684 253 1735 (9,
281 1684 462 1735 17—19)
493 1684 532 1722 in
565 1684 626 1723 illa
657 1685 788 1723 nescio
820 1697 897 1735 quo
929 1696 1060 1723 errore
1092 1684 1326 1733 omissum2)
1358 1691 1441 1722 tum
1465 1684 1625 1723 demum

197 1741 434 1780 restitueret.
466 1741 570 1791 quod
593 1746 722 1779 autem
747 1753 795 1779 ne
818 1741 872 1779 eis
894 1741 1052 1791 quidem
1075 1740 1258 1785 textibus,
1291 1741 1357 1791 qui
1379 1741 1491 1779 annis
1517 1740 1624 1779 1562

199 1805 237 1837 et
262 1798 367 1837 1566
400 1798 584 1849 publicati
612 1804 717 1843 sunt,
750 1797 910 1836 omnino
942 1810 1029 1836 cum
1064 1797 1233 1836 editione
1264 1797 1354 1836 anni
1390 1798 1496 1836 1577
1530 1810 1625 1836 con-

199 1855 319 1898 uenit,
350 1854 388 1892 id
418 1854 507 1893 inde
539 1853 810 1906 explicandum
833 1853 989 1893 uidetur
1011 1867 1107 1901 esse,
1141 1854 1245 1905 quod
1268 1854 1447 1893 Cuiacius
1470 1867 1560 1893 cum
1583 1855 1624 1892 in

196 1911 272 1950 illis
296 1911 505 1961 genuinam
537 1911 711 1950 locorum
735 1910 870 1949 faciem
894 1911 1099 1950 restituere
1122 1917 1364 1962 temptasset,
1396 1911 1435 1950 in
1460 1911 1625 1950 Consul-
1660 1950 1664 1953 Δ

198 1967 344 2006 tatione
376 1967 522 2006 edenda
556 1968 735 2006 traditam
767 1968 973 2006 lectionem
1006 1968 1059 2006 ita
1091 1968 1333 2007 retinendam
1357 1980 1442 2006 esse
1464 1968 1623 2019 putarit,

198 2029 242 2063 ut
272 2024 319 2063 ab
350 2037 391 2063 ea
424 2037 504 2063 11011
536 2024 733 2063 recederet
768 2037 840 2063 nec
871 2025 917 2063 ad
950 2025 1193 2064 coniecturas
1225 2025 1432 2074 refugeret,
1469 2024 1545 2063 nisi
1579 2025 1624 2063 de

198 2080 294 2119 uitio
335 2087 542 2119 constaret.
603 2081 734 2131 itaque
765 2094 855 2120 cum
887 2081 1030 2120 codicis
1062 2081 1271 2120 Loiseliani
1301 2088 1391 2132 post
1422 2081 1622 2120 Cuiacium

198 2137 349 2176 nullum
385 2138 592 2188 uestigium
626 2137 906 2189 apparueritss),
939 2150 983 2176 ex
1011 2145 1198 2189 quattuor
1219 2138 1293 2177 illis
1318 2138 1461 2176 Cuiacii
1483 2138 1623 2177 editio-

197 2193 312 2233 nibus
343 2194 530 2245 (reliquae
552 2193 655 2232 enim
680 2207 816 2234 omnes
839 2194 885 2234 ab
907 2195 966 2233 his
988 2195 1174 2246 pendent)
1200 2194 1505 2234 Consultationis
1528 2207 1624 2233 con—

291 2368 316 2408 1)
342 2368 469 2400 Extant
507 2369 539 2400 in
576 2369 638 2400 hac
676 2369 825 2401 editione
864 2369 893 2410 1,
919 2370 1040 2401 6—10.
1079 2369 1109 2410 2,
1142 2370 1172 2400 6.
1207 2370 1235 2400 7.
1275 2368 1306 2408 3,
1339 2369 1437 2399 6—9.
1476 2368 1508 2407 4,
1535 2368 1565 2399 3.
1594 2369 1622 2399 7.

199 2414 319 2446 9—11.
359 2415 388 2455 5,
410 2415 509 2446 5—7.
547 2415 576 2455 6,
598 2414 806 2446 5a.6.S.9.
828 2415 877 2446 10.
917 2415 946 2454 9,
967 2415 1087 2447 1-11.
1117 2414 1260 2448 13-16,
1290 2414 1339 2445 18,
1366 2414 1415 2446 19.

289 2458 316 2499 2)
342 2460 372 2499 9,
392 2460 442 2492 18.
465 2460 504 2491 19
531 2460 597 2491 iam
623 2470 708 2491 anno
738 2460 823 2493 1566
850 2461 959 2492 editae
987 2465 1074 2492 sunt.

290 2504 317 2544 3)
341 2503 375 2536 Ι11
420 2505 509 2537 libro
548 2505 736 2537 Parisiensi
775 2506 861 2537 9652
899 2506 991 2544 (olim
1029 2506 1143 2547 Suppl.
1184 2505 1258 2536 Lat.
1298 2504 1378 2543 779,
1416 2503 1456 2535 cf.
1494 2503 1623 2535 Haenel

198 2547 364 2582 Nouellae
389 2562 418 2592 p.
438 2549 543 2590 XIV),
578 2561 620 2582 ex
646 2562 707 2592 quo
734 2551 904 2583 Loisellus
932 2552 1047 2583 eodem
1072 2552 1144 2583 sere
1170 2556 1317 2591 tempore
1344 2549 1526 2581 Maioriani
1552 2548 1622 2580 No-

199 2595 309 2627 uellas
334 2605 406 2627 cum
423 2596 560 2628 Cuiacio
588 2597 849 2628 communicauit
874 2596 1049 2636 (Cuiacius
1076 2607 1132 2628 eas
1159 2607 1187 2627 a.
1211 2595 1296 2627 1566
1323 2596 1463 2637 primum
1488 2595 1620 2635 edidit),

201 2640 486 2673 Consultationem
524 2653 629 2684 neque
667 2642 779 2674 inesse
819 2652 922 2684 neque
959 2643 991 2673 in
1031 2653 1069 2674 eo
1101 2652 1253 2684 umquam
1284 2640 1390 2672 fuisse
1421 2640 1508 2672 libro
1546 2650 1623 2682 per-

199 2685 345 2718 lustrato
371 2686 575 2719 Monunseno
602 2688 773 2720 nuntiauit
796 2688 834 2720 H.
863 2687 996 2719 Omont.
