1839 3011
294 873 385 912 Fuit
421 873 513 911 olim
548 872 589 911 in
626 872 810 911 Bobiensi
849 873 886 911 S.
920 872 1153 911 Columbani
1190 871 1430 911 monasterio
1467 872 1508 910 in
1541 871 1607 909 Li-

180 931 291 982 guria
321 931 424 969 inter
455 930 632 969 Genuam
664 935 702 968 et
733 930 972 968 Placentiam
1004 929 1079 968 sito
1120 929 1218 968 liber
1249 929 1420 980 scriptus
1452 929 1607 967 saeculo

182 995 226 1028 ut
268 987 424 1026 uidetur
459 992 616 1033 octauo,
658 987 725 1025 sed
766 987 856 1025 inde
898 999 919 1025 a
950 987 1104 1025 saeculo
1143 992 1247 1025 certe
1284 986 1436 1024 decimo
1469 985 1607 1036 quinto

181 1050 387 1084 truncatus
417 1043 529 1082 initio
561 1050 600 1082 et
629 1044 720 1091 fine⁷
753 1044 961 1082 continens
993 1043 1220 1082 collationes
1242 1043 1405 1094 Aegypti
1436 1043 1608 1081 anacho-

181 1107 355 1141 retarum
386 1107 544 1140 auctore
576 1100 758 1140 Cassiano
791 1114 812 1140 a
842 1101 956 1140 tertia
987 1101 1034 1139 ad
1056 1100 1226 1139 mediam
1247 1100 1451 1138 decimam.
1498 1100 1610 1138 cuius

182 1159 271 1198 libri
310 1159 481 1210 priorem
518 1163 669 1210 partem
707 1158 791 1197 siue
825 1158 911 1197 coll.
943 1158 1007 1196 ΙΙΙ.
1040 1158 1089 1196 IV
1126 1158 1211 1196 init.
1242 1157 1358 1195 hodie
1389 1162 1521 1196 seruat
1552 1156 1614 1195 bi—

182 1216 374 1255 bliotheca
405 1215 509 1265 regia
540 1215 807 1263 Taurinensis,
840 1215 1097 1267 posteriorem
1129 1228 1149 1254 a
1176 1215 1225 1253 IV
1257 1214 1384 1253 media
1415 1214 1461 1253 ad
1494 1214 1613 1253 finem

182 1273 382 1325 pontificia
396 1273 591 1319 Vaticana,
615 1272 681 1311 ubi
709 1273 804 1311 haec
826 1273 974 1323 signata
998 1278 1057 1311 est
1077 1284 1243 1311 numero
1267 1271 1391 1310 5766.
1438 1284 1535 1310 usus
1557 1277 1613 1310 est

184 1330 350 1382 scriptor
382 1329 464 1369 eius
496 1330 710 1369 uoluminis
740 1335 895 1381 praeter
926 1330 999 1368 alia
1030 1342 1127 1380 pura
1158 1329 1260 1367 foliis
1291 1328 1480 1368 deleticiis
1502 1341 1614 1367 sexa-

184 1387 291 1438 ginta
326 1387 472 1433 tribus,
513 1387 661 1426 auulsis
697 1387 744 1426 iis
781 1400 826 1426 ex
858 1386 984 1426 tribus
1020 1387 1115 1425 iuris
1147 1385 1436 1425 uoluminibus:
1469 1385 1615 1424 scilicet

185 1445 233 1484 ad
270 1444 414 1483 codicis
451 1444 712 1483 Theodosiani
749 1444 890 1495 integri
927 1444 951 1482 l.
993 1443 1223 1482 XIV—XVI
1263 1443 1461 1494 pertinent
1492 1443 1614 1493 partis

186 1501 441 1540 Taurinensis
462 1501 553 1539 folia
574 1514 654 1548 sex,
671 1501 878 1540 Vaticanae
896 1501 1032 1551 viginti
1053 1501 1130 1539 duo
1153 1513 1196 1539 ea
1218 1513 1317 1551 quae
1338 1500 1453 1538 hodie
1472 1512 1613 1538 nume-

186 1565 325 1597 rantur
356 1557 536 1597 25—43.
568 1557 756 1605 46—483
795 1558 841 1597 ad
877 1559 1003 1608 legem
1034 1557 1254 1596 Romanam
1287 1557 1614 1607 Burgundionum

186 1615 308 1668 partis
330 1615 535 1654 Vaticanae
556 1615 647 1654 folia
668 1615 745 1653 duo
777 1615 891 1654 hodie
913 1616 979 1653 44.
1004 1615 1080 1661 45;
1113 1615 1281 1665 denique
1313 1614 1359 1653 ad
1391 1614 1485 1653 haec
1518 1626 1615 1664 quae

188 1673 340 1711 edimus
376 1672 473 1710 iuris
513 1672 721 1723 legumque
758 1672 905 1722 digesta
937 1672 1142 1710 vaticanae
1180 1672 1302 1723 partis
1334 1671 1424 1709 folia
1456 1671 1615 1720 triginta

185 1730 259 1768 tria
288 1729 404 1768 hodie
439 1729 615 1768 17—24.
649 1729 829 1769 58—63.
864 1729 1075 1769 82—100.
1128 1741 1218 1767 cum
1251 1741 1296 1767 ex
1328 1728 1512 1766 foliorum
1546 1740 1614 1766 co—

183 1786 280 1825 dicis
314 1786 542 1825 uetustioris
573 1787 656 1838 pari
686 1787 868 1826 librarius
891 1787 1087 1826 secundus
1110 1786 1201 1825 folia
1223 1786 1284 1825 sui
1306 1785 1523 1824 uoluminis
1556 1787 1614 1823 ei*-

184 1843 320 1882 fecerit
341 1849 465 1889 terna,
498 1844 589 1882 folia
619 1844 748 1895 qualia
779 1856 887 1883 nunc
919 1849 1012 1882 sunt
1043 1843 1195 1894 singula
1227 1855 1365 1882 eorum
1397 1855 1495 1893 quae
1528 1843 1615 1880 fue-

185 1906 279 1940 runt
319 1913 400 1939 non
442 1901 759 1952 complectuntur
809 1901 884 1940 nisi
930 1907 997 1940 aut
1042 1901 1289 1951 singulorum
1339 1905 1470 1950 partes
1521 1899 1617 1937 duas

188 1957 319 1997 tertias
351 1963 418 1996 aut
448 1957 633 1997 binorum
664 1964 794 2010 partes
828 1958 972 2005 tertias,
1005 1958 1053 1997 ad
1083 1958 1159 1996 hoc
1190 1957 1436 2008 exemplum:

1002 2043 1084 2046 l

1199 2343 1230 2494 scissura
1198 2149 1229 2316 raecum»-

758 2353 802 2521 plicatura
757 2163 789 2328 recentior

971 2551 975 2554 ·
951 2339 995 2509 plicatura
948 2171 989 2313 antiqua

1013 2055 1107 2596 1ΙΙΙΙΙΙΙΗΗΙΙΙΙΙΙΙΙΙΙΙΙΙΙΙΙΙΙΓΙΙΙΙΙΙΙΙΙΙΙΙΙΙ

187 2643 284 2670 rcum
316 2637 476 2684 propter
506 2633 607 2672 hanc
640 2645 794 2671 causam
828 2638 912 2671 tum
942 2637 1149 2684 propterea
1170 2631 1274 2683 quod
1306 2644 1353 2670 ex
1374 2631 1501 2670 lacero
1524 2644 1622 2693 qua-

193 2688 373 2728 ternione
413 2690 610 2742 compagis
654 2690 882 2729 recentioris
920 2690 1059 2728 ultimo
1102 2702 1182 2728 non
1220 2694 1370 2727 restant
1412 2688 1488 2727 nisi
1534 2688 1624 2727 folia

1375 2755 1411 2789 1ss
