1855 2957
625 151 1067 190 —111—

136 270 260 310 alieni.
320 275 454 308 nostra
492 281 606 308 causa
637 276 675 308 et
705 269 848 308 Paulus
879 267 1052 317 Krueger
1082 267 1223 306 librum
1256 267 1392 318 relegit
1421 275 1460 306 et
1489 281 1552 307 re—

136 326 318 378 cognouit
339 326 476 365 deinde
497 339 517 365 a
539 339 601 364 me
622 333 779 377 rogatus
802 324 1044 364 Christianus
1066 324 1248 363 Huelsen.
1284 324 1553 363 adnotationes

135 385 182 423 ad
228 383 344 421 huius
383 383 526 422 codicis
566 385 776 434 marginem
808 383 1000 429 inuentas,
1045 381 1167 420 editas
1198 394 1218 419 a
1250 380 1402 420 Blumio
1433 384 1552 432 praef.

134 454 171 492 p.
193 440 364 485 XXXIII,
396 440 613 490 recognitas
644 440 690 479 ab
714 440 920 481 Huelseno,
953 444 1133 477 tractatas
1163 451 1289 490 nuper
1318 437 1419 489 apud
1452 439 1553 476 Con·-

135 504 262 536 ratum
311 496 538 544 (Gesclzz'clzte
581 498 647 536 der
683 495 842 542 Quellen
888 497 949 535 {les
991 495 1200 534 ro'tm'sclzen
1239 494 1370 534 Rechts
1414 495 1491 533 uol.
1531 496 1550 533 1

134 568 171 606 p.
195 554 292 602 314)
325 553 483 592 subieci.

134 611 181 650 ad
217 613 252 656 1,
286 611 309 648 7
342 611 414 660 (=
435 611 518 649 cod.
550 610 644 649 lust.
677 611 714 656 9,
749 610 812 656 16,
845 609 905 660 6):

282 667 400 718 Imp—r.
423 668 560 706 Iustffi.
584 667 626 705 A.
679 667 720 706 Si
751 667 839 718 quis
870 678 959 705 cum
993 665 1068 705 telo
1100 664 1360 705 ambulauerit
1381 664 1553 704 hominis

281 724 445 774 negandi
484 737 608 770 causa,
656 724 757 763 sicut
793 723 852 762 his
892 723 958 775 qui
996 722 1196 763 hominem
1237 722 1420 762 occiderit
1456 735 1553 774 pena

286 781 473 820 subiacet.

135 839 172 883 2,
205 839 228 877 5
263 841 334 888 (z
351 837 776 877 Pseudo—Eleutherius
805 837 897 886 (uol.
925 838 941 875 l
968 850 1004 889 p.
1027 837 1108 876 696
1132 836 1270 885 Mansi)
1292 836 1458 887 indeque
1480 836 1554 874 Be-

281 895 459 934 nedictus
482 894 615 933 Leuita
641 896 675 939 1,
694 894 788 933 398.
821 894 858 940 2,
882 893 959 932 381
995 894 1077 933 MG.
1100 893 1174 932 LL.
1207 894 1240 932 II
1261 895 1290 933 B
1312 906 1349 945 p.
1374 893 1439 932 69.
1463 893 1551 944 94):

281 952 402 991 ludici
439 964 517 990 non
549 957 608 990 est
644 951 728 989 sine
766 957 989 990 accusatore
1029 951 1251 1002 dampnare,
1295 950 1382 1001 quia
1415 957 1453 989 et
1483 950 1554 988 do-

281 1009 411 1047 minus
442 1008 567 1052 Iudas,
613 1020 701 1046 cum
748 1009 812 1046 fur
855 1014 969 1053 esset,
1015 1007 1104 1058 quia
1145 1020 1223 1046 non
1261 1014 1320 1046 est
1350 1014 1554 1046 accusatus

283 1065 443 1103 minime
474 1064 625 1103 abiecit.

134 1121 181 1161 ad
211 1122 249 1168 4,
282 1122 307 1160 2
346 1126 460 1172 (quae
499 1122 511 1171 [
541 1121 552 1170 ]
581 1121 846 1166 includuntur,
888 1120 1094 1159 euanuisse
1131 1123 1210 1159 fere
1248 1120 1289 1159 in
1330 1120 1460 1160 codice
1501 1120 1554 1159 ait

284 1179 488 1223 Huelsen):

279 1235 434 1286 [Omnia
476 1248 577 1287 ergo,
620 1235 708 1286 que]
746 1234 934 1273 aduersus
972 1233 1153 1273 absentes
1184 1233 1224 1272 in
1255 1233 1363 1272 omni
1398 1234 1553 1285 negotio

280 1298 348 1331 aut
367 1292 452 1331 loco
473 1298 641 1344 aguntur
659 1292 739 1342 [aut
759 1291 992 1337 iudicantur,
1028 1291 1201 1341 om]nino
1223 1296 1423 1339 uacuetur,
1456 1304 1554 1342 quo-

280 1350 385 1388 niam
433 1349 630 1389 absentem
677 1348 808 1388 nullus
852 1348 995 1387 addicit
1038 1360 1109 1386 nec
1147 1348 1223 1387 ulla
1258 1348 1319 1387 lex
1355 1348 1552 1400 dampnat.

281 1406 392 1445 facile
429 1419 519 1458 ergo
556 1407 674 1445 homo
712 1405 910 1444 hominem
946 1405 1090 1455 [fallere
1121 1411 1261 1456 potest,
1299 1406 1392 1455 non]
1423 1412 1553 1444 tamen

281 1463 410 1510 deum,
452 1464 562 1503 cuius
601 1462 722 1502 oculis
760 1463 889 1501 omnia
920 1462 1024 1501 nuda
1055 1468 1148 1500 sunt
1179 1468 1217 1501 et
1247 1469 1390 1513 aperta.
1453 1462 1554 1501 unde

283 1520 336 1558 ait
386 1521 592 1572 propheta:
647 1519 829 1558 dominus
880 1519 989 1559 nouit
1042 1519 1294 1570 cogitationes
1348 1519 1552 1558 hominum

283 1577 467 1627 quoniam
500 1589 598 1616 uane
630 1583 735 1615 sunt.

284 1633 348 1685 kp.
381 1633 527 1680 Clerici,
566 1633 633 1685 qui
668 1633 708 1672 in
740 1645 987 1684 quacumque
1019 1632 1208 1672 seditione
1239 1645 1346 1672 arma
1378 1633 1554 1672 uolentes

285 1691 537 1742 sumpserint,
584 1690 727 1742 reperti
771 1690 915 1729 amisso
961 1689 1107 1729 ordinis
1139 1689 1200 1729 sui
1244 1690 1365 1741 gradu
1395 1690 1435 1728 in
1467 1702 1554 1728 mo-

281 1747 452 1786 nasterio
483 1747 741 1799 paenitentiae
771 1747 1035 1786 retrudantur.

135 1802 181 1841 ad
216 1802 278 1850 12,
314 1805 355 1842 1:

284 1860 405 1910 fabor]
437 1860 624 1911 S(cilicet)
654 1861 738 1899 laus
770 1861 832 1899 uel
863 1860 1018 1900 auxilio.

135 1917 182 1955 ad
218 1916 280 1964 14,
315 1918 334 1955 1
371 1918 426 1964 (in
459 1924 607 1956 textum
639 1918 794 1965 relata):

282 1974 592 2026 Interpraetatio.
651 1974 863 2026 Plagiarius
919 1981 979 2014 est
1028 1973 1095 2026 qui
1141 1974 1340 2013 hominem
1387 1974 1551 2014 liberum

283 2031 384 2082 rapit
419 2038 458 2070 et
489 2031 635 2070 uendit.

136 2086 231 2125 Post
261 2088 379 2126 uerba
414 2088 478 2133 16,
511 2088 548 2135 2,
582 2088 605 2127 8
636 2091 722 2128 item
748 2095 983 2140 pronepotes,
1021 2101 1042 2127 a
1081 2088 1222 2138 quibus
1253 2088 1373 2127 codex
1405 2089 1555 2128 orditur

136 2151 252 2195 caput
283 2144 498 2192 CXXVIIII,
544 2145 638 2184 haec
682 2145 721 2183 in
767 2151 914 2184 textum
953 2145 1117 2184 inserta:
1162 2148 1312 2197 require
1335 2153 1421 2197 post
1450 2148 1554 2197 capi-

134 2201 259 2240 tulum
293 2200 487 2240 CXXX²²⁴⁰
518 2201 614 2240 11110
646 2202 765 2253 (quod
811 2209 870 2241 est
913 2203 1055 2241 codicis
1100 2202 1299 2250 ultimum)
1347 2203 1556 2254 capitulum

139 2256 216 2296 ΟΜ
248 2257 407 2302 XXXV,
452 2257 491 2296 in
538 2259 746 2310 archetypo
791 2259 982 2311 adscripta
1027 2259 1174 2299 fuerint
1218 2272 1377 2299 necesse
1414 2266 1473 2299 est
1508 2259 1553 2298 ad

137 2313 256 2353 uerba
290 2315 354 2363 16,
387 2314 425 2361 2,
458 2314 482 2354 8
527 2319 563 2355 sz'
599 2327 648 2355 eac
688 2315 830 2355 duobus
864 2339 918 2343 —
958 2317 1022 2363 16,
1055 2316 1092 2363 2,
1127 2317 1177 2355 10
1207 2324 1369 2356 matrem
1400 2317 1554 2356 eandem

136 2369 337 2411 habuerint
371 2374 457 2411 item
491 2371 530 2410 in
563 2373 636 2411 hoc
666 2372 764 2411 libro
796 2373 951 2419 omissa,
988 2373 1027 2412 in
1059 2373 1267 2426 archetypo
1299 2373 1479 2413 uidelicet
1508 2373 1555 2412 ad

138 2426 255 2466 finem
289 2429 477 2480 suppleta,
518 2429 584 2468 sed
616 2429 655 2468 in
687 2430 951 2481 apographum
983 2443 1061 2469 non
1094 2431 1290 2470 translata.
1350 2430 1448 2469 liber
1473 2430 1555 2482 ipse

139 2483 290 2535 integer
319 2485 463 2524 desinit
496 2486 560 2533 16,
594 2485 631 2532 3,
666 2485 715 2525 13
748 2486 786 2525 111
814 2490 1010 2537 pertineri.

253 2541 290 2580 3.
313 2541 428 2581 Liber
447 2542 701 2582 bibliothecae
718 2543 912 2583 Palatinae
931 2544 1240 2583 Vindobonensis
1257 2542 1428 2590 n.2160,
1444 2550 1554 2582 antea

141 2597 445 2649 Salisburgensis
467 2612 505 2638 n.
529 2599 623 2647 360,
656 2600 976 2640 membranaceus
998 2601 1076 2640 foll.
1101 2600 1192 2648 184,
1226 2600 1394 2652 scriptus
1416 2606 1455 2639 et
1474 2601 1554 2652 ipse

140 2665 238 2700 saec.
255 2654 301 2702 X,
323 2668 356 2694 a.
377 2655 483 2695 1822
500 2669 520 2695 a
539 2656 767 2695 Lancizollio
784 2663 973 2708 repertus,
996 2658 1133 2697 deinde
1151 2670 1264 2710 opera
1283 2669 1370 2696 cum
1389 2657 1554 2704 Bieneri,

140 2711 207 2760 qui
237 2711 379 2751 inedita
410 2712 499 2752 inde
530 2713 730 2765 complura
762 2713 906 2765 publici
941 2714 1037 2754 iuris
1067 2714 1159 2754 fecit
1188 2714 1288 2767 apud
1321 2714 1551 2767 Savignyum
