1828 3011
89 433 142 473 15,
157 446 181 474 3,
195 446 211 468 5

91 1357 116 1375 a.
135 1351 188 1375 320
199 1349 210 1373 ‘2

227 159 418 187 conLA'rio
443 149 496 190 15,
518 162 543 186 3.
710 170 827 174 —
891 151 971 192 188
1034 169 1151 173 —

226 268 422 307 accedenti
453 274 626 320 tempore
657 274 849 307 conentur
883 269 973 319 [per]
1003 268 1236 307 execrandas
1263 267 1564 307 consuetudines
1595 274 1633 306 et

227 337 383 364 scaenas
414 325 517 375 leges
548 324 754 363 Persarum
786 324 1065 363 innocentioris
1086 330 1247 363 naturae
1267 325 1457 370 homines,
1489 324 1634 363 Roma-

228 394 316 420 nam
350 386 503 431 gentem
537 381 750 419 modestam
783 387 897 431 atque
920 380 1165 431 tranquillam
1188 387 1226 419 et
1247 382 1478 420 uniuersum
1499 381 1632 419 orbem

227 445 406 476 nostrum
452 437 573 476 ueluti
619 437 779 475 uenenis
819 438 865 475 de
903 436 984 475 suis
1024 436 1212 475 maliuolis
1248 437 1414 476 inficere.
1475 443 1512 476 et
1547 437 1636 488 quia

228 494 368 541 omnia,
401 507 498 544 quae
520 493 653 544 pandit
674 493 878 544 prudentia
902 499 965 531 tna
988 493 1026 531 in
1047 493 1231 531 relatione
1252 493 1445 544 religionis
1466 493 1634 539 illorum,

228 563 366 602 genera
402 550 678 588 maleficiorum
718 549 873 587 statutis
915 549 1207 588 euidentissime
1244 555 1337 588 sunt
1373 550 1560 600 exquisita
1599 556 1638 588 et

225 608 384 645 inuenta
421 612 658 651 commenta,
706 606 791 643 ideo
829 617 1034 644 aerumnas
1072 612 1188 656 atque
1234 618 1376 657 poenas
1414 606 1560 645 debitas
1599 612 1638 644 et

228 663 436 713 condignas
466 662 541 700 illis
573 662 794 700 statuimus.
862 662 1041 700 iubemus
1072 675 1242 713 namque
1273 668 1448 701 auctores
1479 662 1636 713 quidem

228 733 270 759 ac
299 720 493 770 principes
525 730 601 756 nna
632 730 719 756 cum
753 718 1023 757 abominandis
1055 718 1258 770 scripturis
1290 731 1425 757 eorum
1447 718 1636 757 seueriori

226 788 371 827 poenae
403 774 537 820 subici,
570 774 621 812 ita
643 781 687 813 ut
713 774 902 813 flammeis
924 775 1076 825 ignibus
1098 781 1328 814 exurantur:
1351 782 1634 813 consentaneos

227 844 320 870 nero
352 837 389 870 et
416 844 539 881 usque
570 831 664 869 adeo
696 831 960 871 contentiosos
992 832 1115 883 capite
1142 832 1274 883 puniri
1296 831 1567 883 praecipimus,
1599 836 1638 869 et

227 900 363 927 eorum
409 887 509 926 hona
554 887 646 926 fisco
692 894 826 926 nostro
873 888 1063 927 uindicari
1108 888 1318 927 sancimus.
1385 887 1515 939 siqui
1546 899 1638 926 sane

226 945 341 983 etiam
375 944 554 982 honorati
584 951 651 982 aut
681 944 887 983 cuiuslibet
919 944 1116 995 dignitatis
1155 945 1217 984 uel
1254 944 1419 983 maiores
1450 956 1638 996 personae

227 1001 297 1051 [ad]
341 1001 467 1039 adhuc
512 1000 726 1039 inauditam
772 1007 810 1040 et
847 1008 999 1052 turpem
1040 1008 1156 1053 atque
1186 1013 1255 1053 per
1286 1001 1415 1039 omnia
1452 1002 1638 1039 infamem

227 1064 389 1103 sectam,
430 1057 490 1096 uel
531 1057 578 1095 ad
616 1057 828 1096 doctrinam
867 1058 1076 1096 Persarum
1109 1071 1149 1097 se
1181 1057 1468 1102 transtulerint,
1501 1068 1637 1096 eorum

226 1113 456 1165 patrimonia
488 1114 581 1152 fisco
612 1120 746 1152 nostro
767 1114 954 1153 adsociari
976 1114 1102 1162 facies,
1131 1115 1237 1166 ipsos
1259 1127 1413 1165 quoque
1434 1114 1638 1152 Phaenen—

228 1171 335 1209 sibus
375 1170 437 1209 uel
473 1170 812 1209 Proconnensibns
850 1171 1014 1210 metallis
1053 1171 1145 1210 dari.
1222 1177 1266 1210 ut
1302 1171 1419 1221 igitur
1461 1170 1639 1221 stirpitus

224 1226 419 1278 amputari
456 1226 539 1265 lues
576 1227 669 1265 haec
706 1227 902 1278 nequitiae
947 1228 993 1266 de
1033 1228 1187 1267 saeculo
1234 1228 1458 1266 beatissimo
1503 1232 1639 1265 nostro

225 1283 360 1334 possit,
393 1283 548 1322 deuotio
581 1289 645 1322 tua
676 1283 793 1322 iussis
823 1297 866 1322 ac
887 1284 1042 1323 statutis
1065 1284 1356 1335 tranquillitatis
1378 1289 1533 1322 nostrae
1555 1295 1640 1321 ma-

227 1346 332 1378 turet
362 1339 639 1378 obsecundare.
700 1339 782 1379 Dat.
815 1340 914 1391 prid.
947 1341 981 1379 k.
1015 1341 1134 1392 April.
1165 1340 1427 1379 Alexandriae.

230 1413 862 1420 wwmmmm»fmwmst
868 1413 1405 1421 mmmmm«

320 1443 328 1472 1
360 1442 555 1474 accendenti
580 1442 619 1473 B.
662 1442 672 1484 Η
714 1443 887 1483 conentur]
918 1448 1103 1474 conuentur
1123 1442 1166 1482 V,
1192 1442 1412 1474 conueniatur
1433 1440 1490 1474 W.
1531 1440 1542 1484 Η
1583 1452 1643 1484 per

225 1487 356 1519 addidit
382 1487 551 1518 Pithoeus.
594 1487 604 1529 Η
646 1489 864 1528 execrandas]
897 1493 931 1519 et
960 1490 1103 1528 grandes
1130 1487 1174 1528 V,
1205 1492 1239 1519 et
1269 1488 1394 1527 grande
1414 1485 1471 1518 W,
1512 1486 1523 1529 Η
1563 1497 1643 1518 6011-

225 1533 434 1564 suetudinem
456 1531 511 1563 W.
553 1530 563 1573 Η
607 1532 625 1563 2
651 1534 799 1573 scaenas]
828 1534 975 1564 issceuas
995 1533 1040 1574 V,
1071 1533 1196 1565 istebas
1215 1532 1255 1573 B,
1281 1543 1378 1564 561135
1398 1531 1454 1564 W.
1496 1531 1507 1575 Η
1548 1531 1644 1563 111110-

225 1578 393 1609 centiores
414 1576 470 1609 W.
524 1575 534 1618 Η
588 1587 723 1609 romana
754 1583 852 1616 gente
877 1577 917 1610 B.
971 1577 982 1620 Η
1030 1580 1049 1609 3
1074 1579 1268 1610 uniuersum
1297 1579 1410 1609 urbem
1437 1583 1588 1609 nostrum
1605 1576 1645 1616 B,

224 1623 417 1654 uniuersam
442 1622 557 1654 urbem
584 1628 729 1654 nostram
750 1622 806 1655 W.
849 1622 859 1666 Η
899 1624 919 1655 4
945 1624 984 1655 de
1008 1623 1089 1655 delet
1115 1623 1282 1655 Pithoeus.
1324 1622 1334 1664 Η
1369 1622 1519 1661 inficere]
1547 1621 1646 1654 Cuia-

226 1671 306 1708 cius,
341 1668 475 1707 infigere
507 1667 592 1699 libri.
640 1666 649 1709 Η
699 1671 743 1707 et]
775 1669 835 1699 nec
863 1667 919 1700 W.
963 1667 973 1710 Η
1015 1670 1033 1700 5
1067 1669 1273 1711 prudentiam
1304 1673 1393 1700 tuam
1422 1666 1463 1700 V.
1505 1666 1515 1710 Η
1558 1668 1648 1699 rela-

225 1715 349 1745 tionem
368 1712 457 1745 BW.
499 1711 509 1754 Η
551 1714 570 1744 6
596 1715 716 1745 statuti
736 1713 779 1753 V,
805 1719 965 1745 statutum
985 1713 1041 1746 W.
1077 1713 1087 1756 Η
1121 1714 1370 1746 euidentissime
1397 1715 1486 1752 sunt]
1511 1713 1645 1755 scripsi,

227 1759 555 1790 euidentissimorum
589 1758 680 1790 libri:
714 1759 853 1790 statutis
882 1761 917 1791 in
948 1761 1071 1791 statuis
1101 1761 1248 1791 mutauit
1277 1758 1482 1791 Lachmann.
1531 1756 1541 1800 Η
1589 1758 1646 1789 ad-

227 1804 351 1846 quisita
377 1804 420 1844 V,
451 1804 614 1844 acquisita
634 1802 691 1835 W.
733 1802 742 1845 Η
785 1805 803 1835 7
830 1805 978 1845 inuenta]
1001 1803 1092 1839 VW.
1120 1805 1297 1836 adiuuenta
1323 1803 1352 1835 B
1406 1803 1416 1846 Η
1457 1803 1646 1843 aerumnas]

227 1859 476 1881 eorummaenas
495 1848 533 1880 B.
577 1848 586 1890 Η
630 1850 648 1881 S
676 1849 758 1889 illis]
785 1848 972 1891 Schultirzg,
1001 1850 1054 1881 illi
1072 1849 1148 1890 BV,
1176 1850 1254 1881 illas
1275 1848 1331 1881 W.
1375 1849 1385 1892 Η
1426 1848 1446 1880 9
1471 1850 1522 1888 36]
1548 1847 1588 1879 ad
1607 1847 1646 1879 B.

227 1892 237 1936 Η
295 1895 332 1925 10
363 1905 467 1936 poena
492 1894 577 1925 libri.
631 1893 641 1935 Η
696 1895 744 1926 1ῐ3
768 1896 814 1935 ut]
841 1900 899 1926 aut
917 1894 959 1926 V.
1013 1894 1022 1937 Η
1075 1900 1318 1926 consentaneus
1337 1894 1379 1934 V,
1406 1898 1648 1926 consectaneus

227 1939 387 1971 Huschke.
429 1937 438 1980 Η
483 1940 518 1971 11
549 1940 643 1980 adeo]
674 1940 843 1979 Pithoeus.
876 1941 915 1971 ad
948 1950 1004 1971 eos
1036 1940 1122 1972 libri.
1165 1939 1174 1981 Η
1219 1941 1258 1972 12
1286 1940 1380 1979 bona]
1408 1949 1524 1970 nomen
1550 1949 1569 1970 a
1589 1936 1646 1970 W.

231 1983 242 2027 Η
283 1986 355 2027 quis
380 1984 468 2016 libri.
522 1984 532 2026 Η
587 1985 625 2016 13
656 1985 794 2017 maioris
821 1984 907 2017 libri.
961 1984 971 2027 Η
1026 1996 1200 2027 personam
1220 1983 1275 2016 W.
1333 1984 1343 2027 Η
1398 1985 1438 2016 14
1463 1984 1503 2015 ad
1529 1984 1646 2022 adhuc]

227 2032 361 2072 scripsi,
387 2031 492 2061 adhuc
510 2029 599 2067 BW,
625 2031 663 2061 ad
691 2031 777 2061 hunc
796 2030 836 2062 V.
872 2029 881 2072 Η
921 2031 957 2061 15
985 2033 1090 2070 secta]
1116 2030 1197 2070 (V),
1223 2035 1367 2062 secutam
1387 2029 1427 2070 B,
1452 2033 1568 2061 secuta
1588 2026 1645 2060 W.

229 2073 240 2117 Η
290 2075 541 2114 transtulerint]
568 2075 645 2114 (V),
678 2076 929 2107 transtulerunt
952 2074 1041 2108 BW.
1091 2074 1100 2117 Η
1153 2078 1192 2108 16
1224 2075 1327 2107 facias
1349 2073 1406 2107 W.
1455 2073 1466 2117 Η
1515 2075 1586 2115 ipso
1603 2073 1647 2113 V,

228 2120 293 2159 ipsi
314 2119 369 2151 W.
410 2118 420 2160 Η
471 2120 724 2161 phaenensibus]
756 2121 914 2152 Pithoeus
945 2123 977 2152 et
1007 2120 1196 2162 Schultiug·‚
1233 2120 1422 2152 forensibus
1459 2120 1550 2151 libri.
1599 2118 1645 2159 cf.

231 2163 454 2197 Theodoretus
483 2166 562 2196 hist.
594 2165 668 2197 eccl.
701 2168 730 2205 4,
765 2166 806 2197 22
839 2166 879 2197 de
912 2165 1116 2197 Christianis
1149 2166 1412 2197 Alexandrinis:
1442 2164 1619 2196 πολλοὶ..

227 2212 301 2245 τοῖς
324 2212 543 2250 Φενινησίοις
565 2211 626 2241 καὶ
651 2213 916 2251 Προκονησίοις
940 2210 1179 2253 παρεδίδοντο
1204 2205 1407 2254 μετάλλοις;
1434 2208 1646 2251 aerifodinas

227 2258 261 2287 in
286 2256 366 2287 urbe
396 2254 639 2288 Trachonilidis
664 2256 801 2288 Phaena
829 2258 899 2288 siue
923 2257 1054 2288 Phoeno
1079 2258 1248 2288 eoeercitas
1268 2258 1430 2287 memorat
1452 2256 1540 2286 inter
1563 2254 1646 2285 alios

227 2301 394 2332 Eusebius
417 2302 496 2332 hist.
522 2300 597 2332 eccl.
617 2301 646 2341 8,
670 2301 708 2332 13
733 2304 765 2333 et
789 2302 828 2334 de
852 2305 950 2333 mart.
976 2302 1120 2333 palaest.
1142 2302 1172 2342 7,
1195 2305 1225 2333 et
1241 2303 1368 2333 emissa
1384 2302 1434 2332 est
1450 2301 1647 2331 constitutio

228 2348 307 2378 haec
323 2345 573 2377 Alexandreae.
608 2346 618 2388 Η
656 2347 692 2378 17
721 2347 982 2388 prnconensibns
1003 2345 1093 2387 BW,
1120 2346 1399 2388 praeconensibus
1419 2345 1462 2377 V.
1503 2343 1514 2386 Η
1557 2349 1646 2376 stre-

229 2393 319 2433 pitus
338 2390 377 2421 B.
420 2390 430 2432 Η
475 2392 514 2422 18
540 2392 626 2430 lues]
658 2394 793 2434 scripsi,
824 2393 920 2423 malis
939 2392 978 2433 B,
1008 2393 1087 2423 mali
1107 2390 1200 2424 VW.
1242 2390 1253 2433 Η
1295 2391 1442 2432 nequissi
1467 2390 1506 2420 de
1532 2390 1594 2421 hoe
1618 2400 1644 2421 s.

231 2435 287 2469 W.
331 2436 340 2478 Η
394 2438 432 2469 19
459 2439 614 2475 maturet]
641 2436 803 2475 Huschke,
828 2439 990 2469 maturius
1019 2437 1105 2468 libri.
1153 2435 1163 2478 Η
1212 2437 1254 2469 20
1280 2436 1380 2468 statis
1400 2435 1441 2468 V.
1489 2434 1500 2477 Η
1548 2435 1646 2466 01156-

230 2482 368 2512 cundari
389 2480 444 2514 W.
500 2481 510 2523 Η
564 2483 628 2513 dat.
655 2483 739 2524 prid.
767 2483 809 2513 kl.
836 2483 935 2524 april.
962 2493 1026 2514 om.
1048 2481 1088 2517 V.
1143 2481 1154 2523 Η
1206 2481 1435 2520 alexandriae]
1461 2491 1525 2512 om.
1551 2477 1644 2512 VW.

230 2526 454 2558 Diocletianus
471 2526 601 2568 quando
617 2527 727 2568 fuerit
744 2527 991 2568 Alexandreae,
1016 2529 1200 2569 quaeritur.
1240 2528 1271 2557 et
1295 2528 1420 2569 cepisse
1435 2536 1510 2557 eum
1529 2526 1645 2557 urbem

226 2574 303 2614 post
328 2575 398 2604 octo
424 2574 594 2604 mensium
618 2572 819 2604 obsidionem.
843 2584 874 2604 a.
895 2574 958 2605 297
983 2575 1066 2604 satis
1090 2574 1226 2612 constat,
1251 2573 1359 2612 itaque
1375 2571 1453 2613 sieri
1465 2572 1582 2614 potest,
1607 2572 1646 2601 ut

230 2627 266 2648 60
290 2628 375 2647 anno
400 2618 485 2649 hanc
510 2619 778 2650 constitutionem
794 2620 952 2650 emiserit.
992 2617 1051 2650 sed
1066 2620 1185 2649 iterum
1203 2627 1280 2648 eum
1297 2626 1371 2648 eam
1387 2615 1512 2648 adiisse
1529 2627 1560 2648 a.
1579 2615 1644 2647 302

229 2664 324 2693 testis
348 2665 397 2693 est
418 2662 592 2695 Barbarus
617 2665 673 2704 qai
699 2663 824 2695 dicitur
840 2664 1006 2705 Scaligeri
1019 2674 1051 2706 p.
1070 2662 1151 2694 233:
1176 2662 1304 2694 hisdem
1330 2661 1525 2693 consulibus
1550 2661 1646 2692 uenit

232 2706 458 2739 Dioclitianus
491 2709 524 2740 in
551 2709 756 2740 Alexandria
789 2713 822 2740 et
847 2709 1009 2740 ecclesias
1035 2707 1277 2740 exterminauit
1303 2712 1337 2738 et
1361 2707 1458 2738 multi
1482 2706 1647 2749 martyri-

1666 776 1706 811 10

1667 1058 1708 1093 15

1667 1341 1711 1375 20
