1828 3011
234 158 418 186 coasvm.
438 149 469 190 3,
486 161 580 186 2-11.
717 174 834 177 ———
899 150 982 191 206
1045 174 1161 177 —

229 265 461 317 quisierunt‚
495 266 596 305 sicut
616 272 674 305 est
695 266 836 316 legum,
869 278 940 304 nec
961 267 1148 311 fecerunt,
1182 271 1225 304 ut
1246 266 1514 305 satisdatorem
1538 267 1646 306 daret

228 329 468 374 procurator,
501 322 603 372 quod
636 328 674 360 et
704 322 999 360 consuetudinis
1031 329 1090 360 est
1120 327 1158 360 et
1188 334 1229 360 re
1260 334 1351 361 uera
1381 323 1554 373 legaliter
1575 323 1645 361 ob-

230 385 421 417 seruatur.
481 391 526 417 ac
564 385 760 429 praeterea
798 378 829 416 si
869 378 942 416 hoc
972 380 1117 416 factum
1150 390 1228 416 non
1261 385 1331 425 est,
1377 379 1522 417 nullam
1555 391 1646 430 per-

229 447 364 473 sonam
397 435 532 473 hahuit
560 434 748 484 litigandi.
809 434 875 472 sed
907 446 979 471 nec
1008 433 1062 471 illi
1093 439 1307 484 potuerunt
1336 435 1375 473 in
1407 448 1520 474 causa
1552 448 1645 486 pro-

228 493 328 529 ferre
373 491 572 537 iudicium,
620 490 685 528 ubi
730 490 803 528 fuit
847 489 1111 540 procuratoris
1151 489 1404 529 ludificatoria
1444 491 1570 530 inanis
1607 498 1646 530 et
1695 498 1715 532 5

135 551 167 592 3,
194 547 337 586 anulla
383 559 559 598 persona.
620 545 720 592 Quid
753 551 881 596 potest
922 558 1006 584 esse
1044 544 1255 584 miserius?
1300 546 1392 597 quid
1430 545 1645 586 abiectius?

230 603 320 654 quid
367 603 514 653 legibus
559 603 614 640 sic
650 603 904 648 contrarium,
951 607 994 640 ut
1030 602 1272 652 ingrediatur
1309 603 1544 642 audientiam
1584 616 1647 642 se-

229 659 410 698 dentibus
440 658 634 697 iudicibus
666 658 740 703 ille,
772 658 838 708 qui
869 658 1012 696 nullam
1045 658 1084 696 in
1117 670 1158 696 se
1188 659 1327 698 habeat
1354 660 1576 698 firmitatem
1609 665 1647 698 et

135 715 167 757 3,
194 727 209 751 4
230 716 323 754 citra
359 715 486 764 legum
520 714 721 752 sollemnia
752 726 873 753 uanas
904 715 1073 753 actiones
1104 713 1308 753 intendat?
1353 714 1515 766 Respice
1544 715 1646 766 leges

229 771 363 810 subter
407 771 594 809 adiectas:
643 777 735 809 tunc
779 770 991 820 intelleges,
1038 771 1143 821 quod
1189 771 1254 821 qui
1301 772 1481 810 mandato
1525 771 1648 810 utitur
1677 778 1718 812 10

229 827 498 866 satisdatorem
538 827 627 865 dare
665 827 789 865 dehet.
852 827 925 865 Sed
963 827 1003 865 in
1041 827 1106 865 illo
1138 827 1320 866 mandato
1356 828 1430 866 hoc
1469 829 1646 866 futurum

229 890 298 929 est,
338 883 403 921 ubi
440 890 506 921 aut
537 883 656 921 uerbo
689 883 896 922 mandatur
926 890 993 922 aut
1023 884 1141 934 gestis
1173 883 1335 935 epistula
1368 884 1539 923 mandati
1569 896 1647 922 non

135 943 166 986 3,
194 956 209 979 5
228 939 369 989 legitur
406 939 575 989 allegata.
637 939 737 989 Ergo
768 939 1037 978 testimonium
1070 940 1212 990 legum,
1260 940 1361 979 sicut
1391 940 1467 979 iam
1499 940 1647 980 dictum

229 1003 307 1042 est,
350 996 594 1046 sequentium
628 995 831 1046 diligenter
868 996 1073 1035 attendite:
1113 996 1165 1034 sic
1205 996 1422 1047 agnoscetis
1458 997 1645 1036 iudicium

229 1058 330 1091 stare
361 1064 439 1090 non
471 1064 602 1103 posse,
635 1052 702 1090 ubi
733 1053 778 1090 ad
815 1052 1006 1102 agendum
1050 1052 1249 1091 sollemnis
1286 1065 1464 1104 persona,
1508 1053 1546 1092 id
1588 1059 1647 1092 est
1676 1060 1717 1094 15

230 1108 471 1148 sollemniter
503 1109 690 1153 ordinata,
722 1108 897 1158 ingressa
928 1121 1007 1148 non
1038 1108 1166 1147 suerit.

134 1165 166 1208 3,
193 1177 208 1201 c
287 1164 341 1202 Ex
373 1164 482 1203 Pauli
513 1165 794 1203 sententiarum
828 1164 891 1203 lib.
925 1166 956 1203 I:

344 1221 596 1259 voluntarius
618 1227 857 1272 procurator,
889 1221 956 1271 qui
986 1233 1027 1259 se
1048 1221 1212 1271 negotiis
1244 1221 1377 1260 alienis
1409 1222 1531 1269 offert,
1563 1234 1645 1261 rem

229 1284 351 1317 ratam
385 1277 588 1316 dominum
621 1276 846 1316 habiturum
880 1290 1017 1315 canere
1049 1277 1173 1316 debet.

135 1338 167 1381 3,
195 1349 209 1375 7
286 1336 382 1373 Item
415 1334 485 1372 alia
517 1333 650 1371 eodeni
683 1333 781 1371 libro
814 1339 851 1371 et
882 1345 1064 1383 corpore:
1674 1341 1718 1375 20

343 1390 493 1429 Actoris
534 1395 763 1440 procurator
798 1401 876 1427 non
914 1390 1039 1427 solum
1078 1389 1277 1427 absentem
1317 1389 1540 1438 defendere,
1580 1391 1645 1429 sed

231 1453 269 1485 et
300 1459 381 1484 rem
421 1451 541 1484 ratam
583 1445 784 1483 dominum
819 1444 1042 1483 habiturum
1077 1445 1263 1483 satisdare
1294 1445 1456 1495 cogitur.

134 1502 168 1543 3,
196 1514 210 1538 8
286 1503 384 1541 Item
417 1502 488 1540 alia
520 1501 654 1540 eodem
687 1501 786 1539 libro
819 1507 857 1539 et
887 1513 1065 1552 corpore:

342 1557 524 1597 Petitoris
576 1563 805 1608 procurator
859 1569 940 1596 rem
997 1563 1119 1596 ratam
1172 1557 1375 1596 dominum
1422 1557 1646 1597 habiturum

231 1616 473 1654 desiderante
505 1613 727 1652 aduersario
760 1613 946 1652 satisdare
977 1613 1172 1664 cogendus
1204 1621 1280 1661 est,
1327 1613 1415 1664 quia
1453 1627 1569 1654 nemo
1606 1615 1644 1654 in
1674 1621 1717 1655 25

230 1685 271 1711 re
305 1672 425 1710 aliena
455 1670 619 1709 idoneus
651 1675 708 1709 est
738 1670 822 1709 sine
849 1670 1112 1709 satisdatione.

135 1728 167 1772 3,
193 1741 209 1765 9
288 1729 383 1766 Item
417 1727 488 1766 alia
520 1727 654 1765 eodem
686 1726 784 1765 libro
817 1733 856 1765 et
886 1739 1065 1778 corpore:

343 1784 384 1823 Si
429 1783 522 1822 satis
560 1795 639 1822 non
676 1783 739 1822 det
776 1789 1004 1835 procurator
1039 1781 1224 1829 absentis,
1269 1782 1367 1821 actio
1405 1782 1440 1821 ei
1476 1783 1647 1822 absentis

228 1840 390 1879 nomine
421 1852 499 1878 non
532 1840 657 1878 datur.

111 1901 144 1942 3,
172 1911 205 1934 10
343 1896 442 1943 Quid
475 1896 659 1947 apertius,
692 1907 806 1946 quam
840 1895 941 1945 leges
974 1907 1090 1946 supra
1119 1894 1284 1945 scriptae
1306 1894 1510 1941 declarant,
1542 1895 1644 1946 quod
1673 1901 1718 1935 30

229 1953 332 1992 nulla
375 1952 473 1991 actio
510 1965 579 2003 per
609 1958 901 2003 procuratorem
940 1951 1024 1990 sine
1056 1951 1306 1990 satisdatione
1336 1951 1484 1990 intendi
1519 1958 1648 2003 potest

112 2014 204 2057 3,11
229 2015 296 2048 aut
333 2006 527 2060 proponi?
577 2008 676 2058 Ergo
717 2008 748 2047 si
788 2007 888 2046 actio
925 2020 1002 2046 non
1044 2008 1157 2046 datur
1195 2006 1249 2046 illi
1285 2009 1537 2059 procuratori,
1581 2007 1647 2058 qui

232 2065 324 2104 satis
357 2077 435 2103 non
468 2065 627 2112 dederit,
660 2064 856 2115 quomodo
884 2064 1025 2115 poterit
1048 2064 1122 2103 dici
1144 2071 1212 2103 aut
1230 2064 1424 2103 nominari
1445 2063 1646 2110 iudicium,

230 2121 297 2160 ubi
338 2121 595 2160 accusationis
631 2120 838 2171 uestigium
871 2121 1093 2159 nullatenus
1124 2119 1355 2159 inuenitur?
1405 2120 1505 2167 Quid
1535 2120 1648 2159 testi-

231 2178 397 2216 ficantur
428 2177 620 2228 principes
652 2189 721 2227 per
743 2177 1041 2216 constitutiones
1072 2177 1310 2222 innumeras,
1342 2176 1417 2215 nisi
1438 2177 1541 2215 nulla
1564 2189 1648 2215 esse
1673 2184 1717 2220 35

232 2233 371 2272 debere
406 2233 559 2283 iudicia,
608 2233 672 2271 ubi
703 2239 931 2284 procurator
962 2233 1253 2273 satisdationem
1286 2245 1362 2272 non
1398 2232 1546 2272 dederit
1580 2239 1647 2271 aut

324 2348 351 2367 c.
379 2335 409 2377 3,
437 2336 455 2366 6
473 2335 632 2367 ΞΡαιιῐ.
662 2336 689 2374 1,
715 2336 745 2375 3,
771 2336 801 2367 3.

323 2391 350 2412 c.
379 2381 407 2421 3,
437 2381 454 2411 7
475 2394 516 2408 =
535 2380 631 2411 Paul.
661 2382 690 2420 1,
716 2381 748 2421 3,
774 2381 804 2411 5.

324 2437 340 2456 c
378 2425 408 2467 3,
435 2425 465 2457 8.
485 2424 679 2457 9=Paut
709 2427 736 2464 1,
765 2426 793 2466 3,
823 2426 851 2456 7.
872 2426 901 2457 S.

247 2508 331 2513 :1⁷er
336 2508 341 2509 ν
345 2507 487 2513 Α»,»»»Ά1»»]
491 2507 796 2513 Νω.υυ-Λ»,».κ-κ,-,κ.κ-.»]φκ.-
800 2507 839 2513 κψ.
849 2507 861 2513 Ι
865 2508 876 2513 1
882 2507 975 2513 fressfy
979 2508 992 2513 s
996 2508 1007 2513 s
1011 2507 1087 2516 Vn-s‘!
1092 2508 1121 2513 :J
1125 2508 1170 2514 sss
1449 2505 1646 2512 ffVAWA&w-xx.x

327 2556 339 2586 1
380 2554 488 2594 legum
523 2553 591 2585 Cui.
629 2554 732 2595 1586,
762 2554 947 2593 legitimum
985 2555 1055 2586 Cui.
1090 2555 1186 2592 1577,
1222 2563 1361 2595 aequum
1392 2552 1587 2584 itlommsen.
1636 2551 1647 2594 ll

234 2599 252 2629 5
280 2599 511 2640 procuratoris
541 2599 611 2631 Cui.
640 2599 737 2639 1586,
763 2609 828 2630 om.
860 2599 930 2631 Cui.
958 2600 1053 2631 1577.
1096 2598 1106 2641 Η
1151 2599 1189 2632 12
1217 2609 1278 2629 nou
1305 2608 1371 2629 om.
1399 2597 1470 2629 Cui.
1499 2598 1594 2630 1586.
1638 2599 1649 2639 ΙΙ

235 2644 275 2675 18
302 2644 421 2675 alienis
449 2645 597 2684 negociis
625 2643 695 2676 Cm'.
725 2645 819 2677 1564.
851 2645 945 2677 1560.
980 2643 990 2686 [l
1025 2645 1066 2676 30
1091 2646 1246 2687 eoepectes
1271 2643 1347 2684 quid
1373 2653 1421 2684 ap.
1451 2643 1543 2684 leges
1569 2654 1594 2674 s.
1621 2653 1647 2674 s.

235 2688 409 2720 declarant
434 2700 528 2730 quain
555 2689 649 2731 quod.
697 2690 706 2731 Ι]
748 2690 790 2721 34
816 2690 1053 2730 accusationis]
1080 2689 1313 2721 satisdatiouis
1339 2687 1525 2730 Schultz'ng.
