1823 3016
51 665 98 699 27

51 949 103 982 528

612 169 728 173 -—
791 150 874 190 259
937 167 1053 171 ——
1160 156 1543 192 ammomum-23.

125 276 221 317 tuat,
259 269 298 308 in
336 269 478 320 quibus
517 273 670 319 oportet
701 267 882 307 omnibus
919 272 1072 317 praesto
1104 281 1188 308 esse
1219 278 1424 318 rectorem,
1465 286 1542 312 non

127 327 364 366 deuerticula
410 325 585 365 deliciosa
632 331 814 364 sectetur.
874 323 1052 363 addimus
1098 338 1201 372 sane,
1249 334 1291 366 ut
1336 329 1431 374 eius,
1478 330 1544 380 qui

126 383 348 435 prouinciae
389 382 672 434 praesidentem
711 381 865 433 propria
902 381 1145 432 possessione
1177 385 1403 435 susceperit,
1442 399 1543 435 ager,

126 452 242 491 quem
275 439 534 478 diuersorium
567 439 746 477 habuerit
776 437 995 489 praedictus
1017 437 1055 476 in
1080 440 1258 487 transitu,
1291 441 1372 479 fisci
1396 441 1544 481 uiribus

128 496 359 536 uindicetur.
411 496 462 534 ita
494 495 597 533 enim
630 495 775 533 iudices
810 495 1030 533 mansiones
1052 494 1246 536 instruere
1268 504 1306 537 et
1329 499 1545 537 instaurare

126 554 313 592 nitentur.
374 551 467 590 Data
509 552 582 590 kal.
620 552 739 604 April.
777 551 882 590 Triu.
925 551 1190 592 Valentiniano
1222 566 1286 605 np.
1325 561 1363 593 et
1396 555 1545 594 Victore

127 622 256 649 conss.

183 666 257 705 Tit.
280 665 331 703 111
363 664 415 703 De
446 664 617 703 officium
840 676 923 703 com
958 665 1148 705 omnium.

240 722 336 773 Imp.
369 721 541 760 Iulianus
573 723 616 759 A.
654 720 698 759 ad
731 720 1018 760 Mamertinum.
1079 723 1290 763 Conuentis
1327 724 1544 763 rectoribus

126 793 146 818 a
178 778 417 818 sublimitate
448 785 512 816 tua
544 778 605 816 edi
636 790 713 816 non
748 778 876 816 minus
908 778 1123 818 criminalia
1155 787 1236 819 acta
1269 793 1385 832 quam
1418 781 1545 820 ciuilia

125 836 320 880 iubemus,
363 835 423 874 his
463 835 651 880 uidelicet,
694 847 860 884 quorum
901 835 1003 874 salus
1043 837 1089 874 ad
1128 838 1337 876 discrimen
1371 845 1545 877 uocatur.

127 892 219 931 Data
251 904 288 930 Χι
322 892 392 930 kal.
427 891 513 930 Dec.
546 891 771 930 Antiochiae
802 891 950 930 Iuliano
972 892 1014 930 A.
1047 905 1104 931 1111
1135 901 1173 933 et
1206 895 1386 933 Sallustio
1418 907 1544 934 conss.

187 948 262 987 Tit.
285 948 354 986 IIII
386 948 439 986 De
470 947 730 986 assessoribus
763 947 984 987 domesticis
1017 956 1054 987 et
1085 951 1332 990 cancellariis.

242 1006 365 1056 lmpp.
397 1004 582 1043 Arcadius
619 1011 656 1042 et
688 1003 883 1043 Honorius
915 1006 990 1043 AA.
1024 1005 1200 1045 Caesario
1232 1021 1320 1059 ppo.
1383 1008 1423 1047 Si
1460 1007 1547 1058 quis

127 1061 301 1100 iudicum
336 1061 397 1100 uel
427 1061 532 1100 ciues
564 1061 647 1099 eius
678 1061 902 1112 prouinciae
934 1074 1050 1112 quam
1082 1064 1181 1114 regit
1212 1065 1273 1102 uel
1304 1071 1406 1103 certe
1434 1077 1546 1116 pere-

127 1118 256 1169 grinos
294 1117 556 1156 consiliarium
598 1117 668 1155 sibi
708 1117 877 1156 uoluerit
912 1118 1138 1166 adsciscere,
1178 1127 1330 1159 tantum
1363 1129 1548 1172 quattuor

128 1175 201 1213 sibi
239 1187 394 1213 menses
433 1175 480 1212 ad
520 1173 768 1212 retinendum
808 1186 910 1218 eum,
955 1187 1069 1225 quem
1103 1188 1148 1214 ex
1181 1178 1314 1215 eadem
1348 1178 1547 1228 prouincia

125 1231 352 1282 sumpserit,
391 1230 557 1269 tributos
598 1243 682 1268 esse
719 1238 937 1281 cognoscat,
978 1232 1100 1271 donec
1136 1233 1182 1271 ab
1221 1234 1304 1272 aliis
1341 1242 1546 1273 euocatum

127 1288 221 1327 locis
259 1287 340 1326 suis
381 1287 531 1326 actibus
570 1287 802 1332 adhibuerit,
846 1287 898 1326 ita
940 1295 983 1328 ut
1012 1289 1183 1328 emensis
1215 1297 1401 1341 quattuor
1433 1303 1548 1329 men—

123 1345 236 1383 sibus
277 1345 430 1383 crimini
467 1344 591 1390 detur,
634 1345 667 1382 si
708 1344 796 1394 quis
835 1345 935 1383 ultra
974 1346 1047 1384 hoc
1086 1353 1240 1398 tempus
1282 1348 1547 1386 consiliarium
1576 1359 1584 1367 ⁸

128 1401 334 1440 crediderit
369 1401 629 1439 retinendum.
691 1400 782 1439 Data
814 1413 849 1439 Vl
885 1401 936 1440 id.
977 1402 1064 1441 Dec.
1096 1403 1432 1456 Constantinopoli
1471 1404 1552 1443 Sti-

128 1458 280 1496 lichone
313 1464 352 1496 et
381 1457 589 1496 Aureliano
620 1469 747 1496 conss.

244 1514 408 1566 Explicit
451 1514 548 1552 liber
593 1514 721 1564 legum
767 1514 1026 1553 Theodosiani
1072 1522 1110 1554 et
1151 1516 1414 1556 Nouellarum.
1478 1517 1549 1556 deo

129 1571 283 1622 gratias.
316 1583 442 1609 amen.
475 1571 648 1609 feliciter.

221 1652 242 1695 §
267 1653 307 1684 27
334 1654 410 1684 Ιιίηο
434 1655 514 1685 rest.
543 1652 618 1684 Cod.
652 1652 768 1685 leeod.
798 1655 826 1693 1,
852 1653 905 1693 22,
931 1654 962 1686 3.

221 1697 242 1740 ξ
267 1698 308 1730 28
334 1699 411 1730 ltine
435 1700 514 1730 rest.
543 1698 617 1730 Cod.
648 1697 764 1730 leeod.
795 1699 821 1739 1,
848 1698 901 1737 35,
932 1701 958 1730 l.

132 1761 765 1768 mwwwmhssaxxmwlmsvaem
770 1761 1023 1768 Wrmmxwm
1314 1764 1329 1770 x

223 1797 242 1827 2
269 1797 471 1828 diuerticula
496 1796 558 1827 OP.
585 1796 595 1839 Η
620 1797 783 1828 deliciosa
813 1795 981 1839 Cuiaee'us,
1008 1798 1172 1839 religiosa
1190 1797 1262 1839 NP,
1289 1800 1458 1841 relegiosa
1479 1800 1551 1833 OJI.

126 1840 144 1883 Η
185 1842 342 1873 addemus
364 1841 432 1874 OM.
475 1840 485 1884 Η
525 1842 596 1873 eius
623 1843 691 1884 qui]
718 1842 791 1884 quis
816 1843 871 1883 qui
890 1841 932 1882 N,
957 1844 1096 1886 quisque
1114 1845 1151 1875 P.
1186 1843 1196 1886 Η
1231 1845 1249 1876 3
1277 1846 1446 1887 prouintia
1466 1844 1507 1878 Ν.
1540 1847 1553 1885 Η

133 1889 368 1929 praesidentue
391 1886 429 1927 N,
456 1888 640 1929 praesidem
665 1893 816 1930 tempore
841 1887 912 1919 OM.
952 1887 965 1929 Η
1007 1890 1255 1931 possessionem
1277 1889 1316 1922 Ν.
1360 1890 1370 1932 Η
1412 1892 1432 1923 4
1457 1902 1552 1933 quam

132 1930 174 1964 Ν.
216 1932 226 1974 Η
267 1934 448 1964 transitum
466 1931 508 1972 N,
534 1934 679 1964 transito
697 1933 733 1965 P.
774 1933 787 1973 11
829 1933 961 1965 iuribus
979 1934 1016 1965 P.
1055 1934 1066 1977 Η
1101 1935 1118 1965 5
1145 1936 1328 1967 mansionis
1352 1935 1422 1968 OJI.
1457 1936 1467 1978 Η
1502 1937 1553 1968 in-

133 1980 301 2017 staurare]
337 1979 368 2008 in
401 1979 468 2009 ista
501 1988 580 2009 uere
609 1977 680 2010 OJI.
723 1980 733 2020 Η
775 1979 794 2010 6
822 1979 974 2011 nitantur
992 1980 1030 2017 P,
1062 1982 1241 2012 mittantur
1259 1979 1299 2013 N.
1343 1980 1354 2023 Η
1395 1982 1497 2013 trium
1515 1983 1552 2013 P.

133 2024 146 2064 Η
189 2023 382 2055 ualentiano
409 2036 437 2065 p.
465 2028 498 2054 et
515 2022 556 2055 N.
598 2022 609 2065 Η
652 2024 669 2054 7
697 2035 786 2055 cons.
808 2022 849 2064 N,
875 2034 939 2056 om.
963 2024 1034 2057 OJI.
1071 2025 1081 2067 ΙΙ
1115 2026 1133 2057 S
1164 2027 1216 2057 tit.
1237 2051 1243 2058 .
1263 2051 1269 2057 .
1289 2052 1296 2058 .
1325 2028 1480 2066 omnium]
1507 2029 1554 2059 sic

131 2078 241 2100 uacuo
266 2070 374 2112 spallo
397 2071 477 2100 ante
501 2080 572 2100 com
596 2069 714 2101 relicto
735 2068 802 2110 OM,
828 2070 907 2101 item
925 2070 963 2110 P,
988 2081 1052 2102 om.
1070 2069 1110 2102 N.
1146 2070 1156 2114 Η
1194 2072 1232 2103 10
1258 2073 1298 2103 ad
1323 2073 1555 2105 subliuiitatac

134 2118 212 2145 tuae
242 2114 275 2145 di
308 2114 453 2145 nominis
470 2112 513 2153 N,
544 2125 560 2145 a
588 2115 795 2146 sublimitate
820 2119 898 2147 tuae
924 2117 1111 2148 nonnninus
1138 2116 1209 2157 OM,
1245 2119 1284 2149 ad
1311 2118 1554 2150 sublimitatem

131 2159 249 2190 tuendi
276 2170 339 2190 non
366 2159 472 2190 minus
492 2160 529 2190 P.
571 2158 580 2201 Η
623 2161 846 2192 criminalalia
865 2158 904 2191 Ν.
950 2160 959 2202 Η
1002 2163 1037 2193 11
1068 2173 1180 2194 corum
1207 2166 1285 2201 (non
1311 2166 1441 2203 eorum)
1467 2162 1508 2196 N.
1543 2163 1553 2206 Η

137 2204 176 2236 12
203 2214 246 2236 xn
263 2205 299 2236 P.
343 2203 353 2246 Η
394 2205 549 2236 antioche
568 2203 639 2237 ΝΡ.
682 2205 692 2247 Η
734 2204 913 2237 salutioN.
955 2206 966 2249 Η
1010 2218 1100 2239 cons.
1121 2207 1163 2248 N,
1189 2219 1253 2240 om.
1279 2207 1349 2240 OM.
1385 2208 1395 2251 Η
1435 2209 1473 2240 13
1501 2209 1554 2240 tit.

132 2274 142 2281 .
163 2275 170 2282 .
189 2274 196 2281 .
222 2250 451 2289 cancellariis]
482 2250 561 2282 item
587 2250 625 2293 P,
660 2261 724 2282 om.
747 2249 789 2282 N.
832 2252 844 2293 Η
883 2252 1048 2284 domescis
1071 2252 1136 2285 Ma.
1179 2252 1188 2295 Η
1235 2254 1273 2285 1-1
1300 2254 1375 2295 imp.
1402 2253 1498 2285 ONP.
1542 2254 1551 2296 Η

130 2295 192 2337 «qui
209 2294 272 2327 NP
292 2298 322 2327 et
346 2298 426 2327 teste
452 2295 604 2327 Haenelc'o
624 2295 666 2327 M.
709 2296 719 2338 Η
763 2297 802 2328 15
834 2297 994 2329 iudicium
1024 2297 1116 2330 (Μία.
1159 2297 1169 2340 Η
1212 2300 1303 2331 ciues
1328 2300 1429 2337 (ciuis
1450 2299 1555 2335 OJIP)

136 2365 144 2372 .
171 2365 178 2372 .
205 2365 213 2372 .
238 2341 436 2382 peregrinos
474 2342 530 2378 (——
557 2352 617 2373 uus
647 2340 805 2381 OJINPH
842 2343 950 2374 ciuem
975 2367 983 2374 .
1011 2367 1017 2374 .
1046 2368 1052 2374 .
1092 2345 1305 2385 peregrinum
1334 2344 1500 2376 thz'act’us.
1543 2344 1554 2386 Η

137 2386 211 2417 eius
243 2396 307 2418 om.
330 2387 368 2417 P.
411 2385 420 2427 Η
463 2397 558 2428 quem
588 2387 642 2418 uel
665 2397 727 2428 que
752 2385 814 2419 Να.
856 2386 866 2429 Η
908 2393 1005 2429 reget
1033 2388 1134 2420 OJIP.
1177 2388 1187 2432 Η
1232 2392 1271 2422 16
1297 2390 1385 2421 adse.
1412 2389 1555 2427 (adscis-

136 2431 267 2463 ciseere
297 2430 374 2472 OM)
404 2437 532 2463 tantum
562 2442 625 2464 om.
651 2433 688 2464 P.
742 2432 752 2475 Η
807 2434 845 2466 17
877 2434 1001 2465 mensis
1028 2434 1061 2466 0.
1115 2434 1126 2476 Η
1178 2446 1239 2477 que
1262 2435 1300 2466 P.
1355 2435 1365 2475 Η
1417 2446 1458 2466 ex
1490 2445 1554 2466 om.

139 2475 177 2508 M
199 2479 280 2508 teste
302 2476 467 2509 Haenelt'o.
510 2476 519 2519 Η
565 2478 603 2508 18
630 2478 780 2509 tributus
807 2489 880 2510 esse
903 2478 1003 2519 OMP,
1028 2480 1157 2511 tributo
1185 2491 1219 2511 se
1246 2490 1319 2511 esse
1338 2479 1378 2512 Ν.
1419 2479 1429 2522 Η
1467 2480 1555 2511 alius

138 2522 178 2553 P.
221 2520 232 2563 Η
275 2523 314 2553 19
342 2524 389 2554 ita
414 2528 453 2555 ut
479 2523 635 2562 emensis]
662 2524 709 2554 ita
736 2529 845 2555 autem
870 2534 1000 2556 menses
1026 2525 1062 2557 M
1087 2528 1170 2557 teste
1194 2524 1360 2564 Haenelcb,
1387 2527 1418 2556 id
1444 2530 1555 2557 autem

140 2577 267 2599 menses
286 2566 326 2599 N.
382 2566 392 2609 Η
446 2568 487 2599 20
514 2569 650 2600 crimine
673 2567 740 2601 ΟΜ.
795 2568 805 2609 ΙΙ
858 2569 898 2601 21
928 2579 958 2600 vt
983 2570 1027 2602 id.
1055 2571 1124 2602 dec.
1147 2570 1250 2608 OJIP,
1285 2573 1431 2602 incertus
1448 2568 1488 2602 N.
1541 2572 1552 2609 11

139 2613 444 2655 constantinopolis
462 2614 503 2645 P.
547 2613 557 2657 Η
600 2615 759 2645 stilicono
778 2612 818 2646 Ν.
859 2614 870 2657 Η
904 2615 946 2646 22
971 2616 1110 2647 auriauo
1130 2616 1196 2655 Ma,
1227 2617 1322 2647 auria
1341 2616 1387 2647 1¹²1
1413 2616 1555 2655 (emend.

139 2668 185 2690 m.
211 2658 254 2697 1).
296 2657 307 2700 Η
347 2670 454 2691 conss.
483 2670 548 2691 om.
577 2658 649 2691 OJI.
691 2659 701 2702 Η
742 2660 784 2691 23
810 2660 950 2702 explicit
967 2685 974 2692 .
994 2685 1001 2692 .
1021 2686 1028 2693 .
1054 2662 1097 2693 2-1
1123 2661 1284 2700 feliciter]
1311 2662 1368 2693 lib.
1395 2671 1403 2692 1
1429 2662 1496 2693 titl.
1521 2660 1555 2692 O.

136 2702 150 2745 Η
191 2703 302 2736 theod.
329 2708 363 2736 et
388 2707 476 2744 nou.]
503 2715 715 2737 romanorum
733 2703 772 2736 N.
814 2704 825 2747 Η
867 2705 908 2737 24
935 2704 1086 2739 feliciter
1113 2717 1180 2739 om.
1196 2707 1233 2738 P.

1278 2762 1343 2797 17*

1563 622 1587 639 a.
1607 615 1659 640 ³69

1574 784 1618 817 10

1567 915 1590 932 a.
1611 907 1663 932 363

1577 1067 1617 1101 15

1567 1483 1592 1500 a.
1612 1476 1665 1500 400
