1855 2957
253 110 338 136 VAT.
359 109 418 137 Fa.
439 111 501 138 249,
730 126 847 130 —-
910 102 964 142 78
994 110 1152 144 QVANDO
1164 110 1662 138 DONATORINTELLEGATVR

161 224 228 257 249
254 219 347 258 illud
379 219 439 258 ius
460 231 503 258 ac
524 218 789 258 uoluntarium
811 218 1037 257 inconcessa
1059 221 1309 270 usurpatione
1330 219 1589 271 praeripiunt)
1611 243 1664 247 -—
1680 235 1829 266 corvsmf

255 290 296 316 ea
341 276 459 327 igitur
494 276 577 327 ipsa
609 287 738 314 rerum
772 276 926 314 traditio
957 274 1264 326 praesentium¹‚
1310 276 1493 314 aduocata
1527 276 1665 315 uicini·
1680 271 1825 335 ἆῖἒιζῇ

254 338 329 372 tate
361 332 620 382 omnibusque
650 332 824 378 arbitris,
870 343 1038 382 quorum
1084 336 1173 382 post
1209 331 1283 370 fide
1314 331 1370 370 uti
1401 332 1524 378 liceat,
1571 345 1667 371 con-
1727 342 1758 370 c.
1777 345 1829 371 3111

221 395 237 421 ⁷
257 395 378 429 uentu
407 388 695 441 plurimorum2
741 388 970 427 celebretur.
1031 399 1108 426 non
1154 389 1257 426 enim
1290 388 1400 427 aliter
1429 402 1551 428 uacua
1582 389 1667 427 iure
1834 400 1835 404 ¹

256 446 382 486 dantis
419 458 482 484 res
513 445 603 492 erit,
645 457 761 496 quam
795 457 837 483 ea
869 445 931 483 uel
962 443 1044 483 eius
1076 444 1295 491 uoluntate,
1338 445 1369 483 si
1401 451 1460 484 est
1497 446 1666 489 mobilis,

255 503 440 550 tradatur,
489 502 549 541 uel
593 502 775 540 abscessu
821 500 881 539 sui
895 500 920 548 ³,
957 500 988 539 si
1033 500 1172 539 domus
1204 506 1271 539 aut
1301 501 1448 540 fundus
1479 507 1546 541 aut
1575 502 1667 553 quid

255 559 428 599 eiusdem
476 559 627 610 generis
659 557 741 604 erit,
784 557 913 596 sedem
945 569 1050 596 nouo
1083 557 1242 596 domino
1273 558 1509 609 patefecerit.
1570 571 1669 609 quae

256 616 387 655 omnia
419 615 646 665 consignare
677 614 771 653 actis
792 613 928 652 iudicis
949 619 1132 665 praestat,
1162 619 1206 653 ut
1235 626 1297 653 res
1320 614 1532 654 multorum
1558 628 1669 654 men-

256 673 360 711 tibus
392 672 513 711 oculis
544 671 704 709 auribus
735 675 873 709 testata
905 671 1057 710 nullum
1090 671 1259 722 effuyiat,
1304 671 1414 709 cuius
1446 677 1512 710 aut
1542 672 1670 710 scien-

221 746 236 768 8
256 730 347 768 tiam
395 728 520 780 capiat
563 732 630 766 aut
674 726 1024 766 dissimulationem
1072 732 1185 777 tegat.
1239 752 1281 767 N
1332 728 1434 778 quod
1482 728 1514 767 si
1553 729 1670 767 iudex

255 785 389 832 aberit,
437 784 499 823 cui
530 796 683 823 summa
714 783 937 835 prouinciae
968 784 1176 823 commissa
1207 789 1281 830 est,
1328 785 1534 823 mandetur
1565 785 1669 823 istud

257 842 553 892 magistratuum
587 840 698 887 actis,
737 845 852 891 atque
884 846 927 879 ut
957 841 1089 880 nullus
1121 841 1170 880 sit
1201 841 1418 880 subiciendi
1448 846 1515 880 aut
1546 841 1670 880 surri-

256 899 386 950 piendi
416 899 536 944 locus,
569 910 658 936 cum
686 897 862 936 alterutri
883 898 1133 937 commodum
1168 899 1254 945 sit&
1287 898 1452 936 eorum⁵
1483 897 1670 950 exemplis

255 956 357 994 idem
391 955 639 1006 magistratus
671 954 904 993 adscribant.
965 955 1020 993 sic
1051 954 1151 994 enim
1182 954 1416 994 conscientia
1440 955 1670 998 multorum,

259 1012 523 1051 monumentis
555 1012 785 1050 iudiciorum
818 1024 862 1050 ac
891 1012 1123 1062 populorum
1158 1011 1407 1063 perscriptis⁶
1441 1017 1508 1050 aut
1542 1011 1668 1050 litium

222 1082 237 1106 9
258 1069 394 1108 causa⁷
419 1069 655 1120 peruulgatis
678 1067 859 1106 omnibus
881 1068 975 1106 fides
997 1069 1213 1107 abstrusior
1234 1081 1312 1107 non
1335 1068 1420 1106 erit.
1457 1068 1549 1107 talia
1565 1068 1668 1106 enim

258 1126 369 1165 esse8
416 1131 569 1177 oportet
599 1124 872 1163 dominorum⁹
904 1124 1029 1172 initia,
1062 1138 1228 1176 quorum
1263 1125 1444 1164 diuturna
1476 1125 1670 1176 possessio

259 1195 371 1234 saepe
401 1182 574 1233 legitima
604 1181 885 1233 proprietatum
916 1181 1000 1220 iura
1032 1182 1246 1233 perfringit,
1279 1182 1364 1220 talis
1394 1181 1668 1220 liberalitatum

259 1240 452 1285 honestas,
486 1251 583 1289 qnae
613 1239 706 1276 locis
735 1239 896 1276 clamata
920 1238 1102 1277 omnibus
1124 1238 1395 1289 accipientium
1419 1238 1672 1277 donantium-

259 1308 333 1347 que
370 1296 574 1334 familiasffl
614 1294 852 1333 liberalitatis
891 1299 928 1333 et
966 1295 1106 1345 gratiae
1149 1295 1432 1346 praedicatione
1468 1295 1672 1347 compleat,

259 1352 374 1391 simul
405 1352 504 1399 ut¹¹‚
537 1365 624 1390 cum
659 1352 709 1390 sit
739 1351 922 1390 eximium
947 1351 1136 1402 cuiusque
1158 1352 1303 1390 donum
1327 1353 1585 1402 promerendo
1607 1364 1671 1390 ce-

205 1417 239 1443 10
258 1409 373 1461 pisse,
396 1409 478 1448 eius
499 1408 718 1447 iucunditas
741 1407 844 1446 nulla
866 1408 990 1446 litium
1011 1408 1250 1447 tristitudine
1269 1408 1480 1446 minuatur.
1520 1408 1624 1459 quod
1641 1407 1674 1447 si

258 1467 297 1504 in
312 1466 342 1487 ¹2
373 1464 622 1516 spectanda13
653 1477 767 1503 causa
790 1464 1027 1515 dicendaque
1059 1465 1247 1503 sententia
1271 1464 1362 1503 orba
1384 1464 1537 1516 publico
1560 1465 1674 1503 testi—

259 1522 391 1561 monio
436 1522 643 1560 liberalitas
686 1533 837 1559 caecam
885 1523 1042 1571 gratiam
1084 1521 1346 1572 obscurosque
1377 1526 1509 1560 coetus
1541 1521 1675 1572 prodi-

261 1579 371 1622 derit,
416 1578 597 1629 quoniam
645 1577 723 1616 sola
769 1578 875 1616 fraus
908 1578 1058 1628 cognita
1091 1583 1166 1621 est,
1212 1590 1358 1622 eorum,
1405 1591 1503 1628 quae
1534 1579 1674 1616 donata

261 1636 455 1681 dicuntur,
488 1643 632 1674 temere
663 1647 741 1673 non
774 1635 846 1673 erit
876 1635 970 1673 fides
991 1634 1253 1686 accifflpienda:
1286 1634 1351 1673 sed
1377 1647 1418 1673 ea
1440 1635 1674 1681 alienatione,

262 1705 357 1744 quae
382 1692 531 1743 publice
561 1704 638 1731 non
668 1695 712 1731 sit
742 1698 888 1734 testata,
928 1694 967 1729 in
999 1692 1265 1731 donationibus
1301 1690 1495 1730 uiuorum
1532 1691 1674 1730 reiecta

263 1749 325 1787 uel
356 1749 600 1800 superbabz'ta
629 1748 747 1787 solam
779 1761 860 1787 eam
886 1749 1104 1799 probamus,
1137 1761 1229 1799 quae
1259 1748 1446 1787 celebrata
1465 1747 1674 1797 unijuersis

263 1806 403 1844 studiis
435 1811 537 1844 recte
568 1806 717 1856 reyulas
746 1818 864 1856 supra
892 1808 1102 1856 propositas
1122 1812 1314 1857 sequatur.
1367 1805 1500 1844 abolito
1526 1807 1642 1856 igitur
1667 1803 1672 1855 l

262 1863 358 1909 iure,
391 1862 491 1913 quod
524 1862 743 1913 quibusque
775 1862 891 1900 rebus
914 1861 1103 1900 (l‹1›nandz's
1128 1861 1256 1900 Cincin
1279 1861 1342 1901 lem
1361 1864 1537 1912 imposuit
1557 1874 1675 1913 neque

264 1919 425 1971 amplius
454 1923 457 1969 ὶ
485 1932 525 1957 ea
549 1919 784 1970 perfectione
805 1918 982 1957 facienda
1004 1931 1116 1970 quam
1137 1918 1206 1957 illa
1229 1919 1476 1958 ordv'nauerat
1495 1930 1676 1969 negamus

264 1984 384 2015 certae
427 1977 578 2027 formae
607 1974 829 2025 uer1borum
870 1975 1007 2014 deinde
1039 1988 1120 2013 esse
1151 1975 1357 2025 quicquam
1388 1975 1673 2026 requirendum,

265 2036 443 2084 quoniam
474 2035 550 2071 iam
578 2031 581 2074 1
609 2032 690 2082 lege
722 2037 959 2070 commutata
991 2032 1109 2071 uerba
1140 2039 1171 2070 et
1193 2035 1275 2082 ipsa
1295 2031 1434 2071 abolita
1454 2038 1540 2070 sunl
1563 2038 1673 2070 antea

262 2092 473 2129 necessaria
503 2092 544 2127 in
575 2089 836 2128 donationibus
864 2087 867 2141 Ι
896 2088 1091 2127 faciendis.
1153 2101 1279 2139 neque
1311 2088 1425 2126 ullam
1460 2089 1675 2127 donationi-

357 2245 370 2276 1
398 2244 625 2286 praesentium
653 2243 712 2282 ΓΖ,
732 2244 961 2285 praesentibus
983 2243 1039 2276 Vl.
1060 2242 1071 2285 ΙΙ
1105 2244 1123 2275 2
1147 2244 1288 2285 plurium
1316 2243 1374 2276 Vl.
1408 2242 1419 2286 Η
1455 2244 1473 2275 3
1499 2244 1675 2275 abscessus

266 2288 310 2334 {ui
330 2289 391 2330 Vl,
416 2289 594 2321 abscessus
614 2289 664 2319 sui
684 2289 742 2322 V2.
768 2288 778 2330 ΙΙ
803 2290 822 2320 4
842 2290 936 2320 loeus
963 2290 1135 2328 alterutri,
1152 2290 1236 2331 quod
1255 2289 1456 2321 commodum
1475 2289 1520 2321 sit
1536 2288 1670 2328 malim;

263 2336 308 2377 cf.
336 2347 362 2366 c.
384 2335 462 2366 163:
482 2336 530 2366 ‘ut
546 2335 699 2366 subnotat
722 2345 785 2366 sua
810 2345 914 2365 manu
939 2335 1025 2376 quod
1046 2335 1156 2367 uolet.⁷
1177 2335 1188 2374 ΙΙ
1208 2337 1226 2366 5
1253 2345 1364 2366 eorum
1383 2333 1450 2365 ‘sic'
1471 2333 1539 2373 Vd3
1557 2344 1674 2365 uerum

263 2382 342 2414 Vm.
362 2379 373 2422 Η
391 2380 410 2411 6
428 2380 643 2422 praescr·i*tis
665 2379 706 2412 V.
738 2379 748 2422 ΙΙ
780 2381 797 2410 7
812 2385 869 2410 aut
895 2382 965 2420 (sic,
988 2391 1051 2411 non
1077 2384 1112 2412 ut
1131 2381 1214 2413 solet
1232 2391 1302 2412 esse
1319 2383 1350 2418 5)
1369 2380 1478 2411 litium
1503 2390 1604 2412 causa
1624 2379 1674 2419 V3

264 2431 340 2458 ante
365 2425 476 2457 litium
502 2426 780 2457 contestationem
805 2425 933 2456 malim.
975 2425 1067 2469 apud
1084 2425 1207 2458 Gaium
1232 2437 1248 2457 c
1264 2436 1360 2468 saepe
1382 2424 1558 2467 significat
1575 2435 1674 2457 causa

263 2471 464 2512 eandemque
498 2474 612 2502 motam
636 2481 698 2513 pro
734 2471 982 2503 contestatione
1019 2475 1225 2514 usurpatam
1259 2482 1333 2502 esse
1366 2470 1533 2513 probabile
1567 2473 1628 2502 est.
1657 2468 1673 2513 ΙΙ

265 2518 283 2548 8
318 2518 467 2554 fortasse
490 2527 556 2548 scr.
593 2517 662 2548 sint
683 2519 817 2558 propter
841 2527 880 2547 ea
915 2527 997 2557 qnae
1021 2519 1213 2558 sequuntur.
1255 2515 1265 2558 Ι]
1307 2516 1326 2547 9
1352 2516 1573 2547 dominiorum
1598 2526 1676 2548 con-

264 2564 414 2593 iecerunt
438 2561 551 2594 Maius
573 2565 606 2593 et
631 2561 835 2604 Hollwegz'us
858 2562 954 2593 male.
1008 2561 1019 2603 H
1076 2563 1114 2594 10
1138 2562 1281 2595 familiae*
1307 2561 1371 2602 Γᾶ,
1396 2560 1535 2593 familiis
1563 2561 1640 2593 Vm.
1655 2564 1672 2604 Η

269 2607 300 2638 1]
332 2612 369 2638 ut
394 2617 458 2638 om.
486 2607 559 2639 Vm.
593 2610 604 2650 [1
642 2609 680 2639 12
707 2608 739 2639 iu
766 2617 829 2639 om.
857 2607 962 2649 1⁷1&ss
983 2608 1020 2640 13
1039 2607 1262 2649 exspectanda
1281 2607 1343 2646 Vel,
1369 2606 1573 2648 expectanda
1601 2606 1676 2647 V1n3

265 2663 327 2683 em.
353 2662 422 2694 egr).
