1823 3016
658 180 774 183 ——
837 155 920 195 229

1132 164 1248 191 GREG.
1268 164 1389 191 Wisffi.
1411 155 1443 198 7,
1463 154 1549 198 2-8,
1565 167 1590 191 1.

171 272 375 327 pecuniam
409 273 454 311 de
486 273 643 324 proprio
674 273 889 312 numerasti
921 278 958 311 et
988 272 1070 324 ipse
1091 272 1276 311 inductus
1299 285 1338 310 es
1373 273 1409 310 in
1433 285 1590 323 posses-

172 332 318 370 sionem
342 342 385 368 ac
406 330 604 380 negotium
630 330 697 369 tibi
730 335 881 379 gestum
903 336 962 368 est
982 330 1097 380 idque
1127 329 1328 368 euidenter
1350 329 1589 379 probabitur,

172 399 326 440 praeses
357 386 582 438 prouinciae
615 386 693 425 uim
728 387 797 425 tibi
829 399 946 438 super
977 386 1073 425 iuris
1106 386 1162 425 tui
1194 386 1309 424 rebus
1333 385 1466 423 inferri
1498 398 1589 436 pro-

171 444 332 483 hibebit.
393 443 466 481 1¹1³.
500 444 568 481 IIII
599 443 650 481 id.
682 443 767 481 Mai.
801 443 968 482 Maximo
1000 443 1032 481 II
1064 449 1102 481 et
1132 442 1312 493 Aquilino
1344 454 1472 480 conss.
1608 460 1634 479 a.
1654 453 1707 479 286

284 500 556 551 Interpretatio
579 500 783 550 utriusque
805 500 910 551 legis.
949 499 1137 546 Quotiens
1158 505 1224 538 aut
1246 498 1408 537 maritus
1431 504 1498 537 aut
1519 498 1590 536 alia
1640 506 1660 540 5

170 569 441 608 quaecumque
473 569 635 608 persona
667 569 801 607 agrum
825 563 891 595 aut
912 569 1200 607 quamcumque
1232 568 1313 594 rem
1337 568 1404 594 sua
1427 555 1591 606 pecunia

170 621 209 653 et
238 614 370 653 uxoris
402 620 468 652 aut
499 613 780 664 cuiuscumque
802 613 960 652 alterius
983 613 1141 652 nomine
1164 612 1333 651 uoluerit
1354 624 1590 663 comparare,

169 677 209 709 et
239 670 270 709 is
301 670 368 721 qui
400 670 603 722 pecuniam
638 670 702 709 dat
732 670 771 708 in
803 683 885 708 rem
918 670 1035 709 fuerit
1065 670 1329 715 intromissus,
1361 675 1400 707 et
1420 669 1502 720 ipse
1524 668 1592 719 qui

169 727 371 779 pecuniam
407 727 512 766 dedit
542 739 623 765 rem
657 733 918 778 comparatam
951 727 1199 778 cognoscitur
1236 726 1473 778 possedisse,
1512 737 1590 763 non

169 790 300 835 potest
338 784 411 822 hoc
456 784 692 835 praeiudicio
738 784 923 831 laborare,
970 784 1073 834 quod
1120 784 1278 822 alterius
1324 783 1482 821 nomine
1528 795 1589 820 res
1621 790 1662 824 10

169 841 310 892 legitur
341 847 574 892 comparata.
636 841 738 891 quod
771 840 803 879 si
835 853 939 886 uero,
979 841 1089 880 cuius
1126 841 1285 879 nomine
1326 852 1387 878 res
1433 851 1593 891 compa-

170 905 274 937 ratae
306 904 409 944 sunt,
442 897 515 948 ipsi
548 897 710 936 traditae
742 903 836 936 sunt
867 897 929 936 uel
966 897 1013 936 ab
1049 897 1134 949 ipso
1172 909 1391 949 possessae,
1430 896 1481 942 is,
1526 895 1593 947 qui

170 954 375 1006 pecuniam
394 967 504 993 suam
528 967 598 1005 pro
621 954 692 992 hac
715 967 754 992 re
777 954 904 992 datam
928 954 1049 993 fuisse
1071 954 1307 1005 probauerit,
1327 966 1408 992 rem
1432 952 1591 1004 quidem

170 1017 432 1063 comparatam
475 1023 553 1049 non
600 1017 727 1062 potest
773 1010 983 1055 uindicare,
1032 1011 1097 1050 sed
1145 1010 1350 1063 pecuniam
1398 1016 1526 1062 potest
1572 1022 1590 1047 a

170 1080 395 1119 possessore
439 1067 629 1118 recipere,
675 1067 763 1118 quia
806 1067 902 1105 duae
948 1080 1009 1106 res
1057 1080 1145 1106 cum
1193 1081 1270 1118 quo
1317 1068 1463 1106 fuerint
1508 1065 1591 1105 eius
1622 1073 1663 1108 15

170 1124 374 1163 dominum
407 1124 553 1162 faciunt
584 1123 800 1162 meliorem.

284 1227 369 1266 VIII
415 1227 473 1266 De
506 1227 723 1266 familiae
755 1227 1122 1266 herciscundae
1153 1232 1200 1266 et
1230 1226 1474 1266 communi

749 1284 1022 1323 diuidundo

286 1350 382 1401 Imp.
416 1349 635 1388 Gordianus
666 1350 709 1388 Α.
733 1349 864 1388 Sextio
896 1350 1084 1389 quenali.
1128 1349 1183 1388 Ex
1213 1361 1254 1387 re
1286 1356 1388 1387 certa
1411 1349 1592 1387 heredem

171 1406 397 1446 institutum
431 1407 486 1444 sic
518 1406 670 1452 haberi,
708 1419 752 1445 ac
793 1406 824 1445 si
863 1406 946 1445 sine
993 1407 1076 1445 eius
1122 1406 1178 1444 rei
1224 1405 1595 1445 commemoratione
1622 1413 1667 1447 20

172 1465 285 1502 heres
335 1463 540 1501 institutus
586 1463 742 1508 fuisset,
795 1476 887 1501 sane
933 1463 1060 1503 officio
1106 1462 1272 1501 familiae
1318 1462 1596 1501 herciscundae

172 1520 311 1559 iudicis
343 1519 564 1565 conuenire,
598 1526 638 1558 ut
668 1532 745 1558 non
779 1520 865 1571 plus
895 1519 1151 1558 emolumenti
1173 1527 1446 1570 consequatur,
1478 1531 1594 1569 quam

173 1577 311 1628 aliquis
349 1583 453 1615 esset
484 1576 708 1620 habiturus,
746 1589 788 1614 ac
819 1577 851 1614 si
883 1589 929 1615 ex
960 1589 1000 1614 re
1042 1583 1144 1615 certa
1183 1577 1295 1615 heres
1333 1576 1486 1615 institui
1524 1588 1596 1627 po-

173 1634 324 1681 tuisset,
357 1634 395 1672 in
429 1633 590 1671 dubium
631 1646 710 1672 non
748 1633 868 1672 uenit.
930 1633 1135 1672 Falcidiam
1177 1646 1332 1684 quoque
1372 1633 1411 1671 in
1459 1632 1596 1671 matris

175 1696 409 1730 testamento
451 1702 603 1728 cessare
644 1690 739 1728 salso
779 1690 847 1729 tibi
883 1703 1113 1742 persuasum
1161 1697 1232 1729 est.
1292 1689 1458 1728 Proinde
1504 1696 1666 1732 cu11125

266 1793 292 1814 c.
321 1782 350 1823 8,
380 1782 391 1812 1
421 1780 441 1823 ξ
468 1782 485 1812 3
504 1796 548 1806 ——-
571 1780 647 1812 Cocl.
674 1781 759 1812 lust.
788 1782 815 1823 1,
845 1781 898 1822 18,
925 1782 955 1814 2.

267 1894 278 1925 1
310 1892 450 1934 pecunia
470 1892 508 1923 P.
553 1892 562 1934 Η
606 1896 658 1924 est
681 1892 719 1923 P.
763 1891 773 1934 Η
816 1892 1030 1934 possessione
1056 1890 1090 1924 G.
1133 1890 1142 1933 Η
1186 1892 1204 1922 2
1231 1891 1294 1931 est]
1321 1895 1428 1922 tamae
1449 1889 1506 1930 GH,
1532 1900 1596 1921 om.

172 1937 228 1970 ΕΙ).
281 1937 291 1978 Η
344 1938 485 1978 ideoque
501 1937 544 1969 V.
598 1936 608 1979 Η
662 1938 680 1968 3
709 1938 838 1978 praesis
860 1936 895 1976 G,
924 1948 1081 1979 praesens
1099 1937 1137 1969 P.
1191 1935 1201 1978 Η
1255 1939 1366 1978 super]
1394 1937 1478 1967 satis
1498 1934 1534 1968 G.
1583 1935 1593 1978 Η

172 1983 258 2015 ioris
277 1982 322 2022 V,
348 1993 383 2014 es
409 1983 446 2014 P.
490 1981 499 2024 Η
542 1983 642 2014 rebus
669 1994 732 2014 om.
757 1983 794 2014 P.
837 1982 847 2025 Η
890 1983 1017 2014 inferre
1045 1981 1111 2014 GP.
1156 1981 1166 2025 Η
1207 1983 1228 2014 4
1253 1980 1295 2013 III
1318 1982 1357 2014 P.
1401 1980 1411 2023 Η
1452 1982 1536 2012 mad.
1560 1979 1597 2013 G.

174 2028 185 2071 Η
228 2028 266 2067 ΙΙ]
293 2029 321 2059 d.
344 2027 378 2065 G,
404 2038 469 2059 om.
488 2028 526 2060 P.
571 2026 580 2070 Η
622 2030 640 2059 5
667 2029 759 2067 leges
780 2027 821 2061 V.
867 2027 877 2070 Η
924 2029 942 2059 6
968 2028 1215 2070 quamcumque]
1242 2037 1475 2069 quemcumque
1501 2027 1540 2058 P.
1585 2025 1596 2069 Η

174 2076 191 2106 7
219 2084 342 2105 uxores
360 2075 399 2105 P.
445 2073 455 2115 Η
501 2073 660 2115 cuiusque
680 2073 740 2113 Vb,
773 2075 835 2105 inc.
857 2073 920 2110 Va,
947 2084 1187 2115 cususcuinque
1206 2073 1245 2104 P.
1287 2071 1297 2115 Η
1341 2074 1359 2105 8
1386 2074 1427 2111 is]
1454 2073 1482 2103 si
1503 2071 1544 2104 V.
1587 2072 1598 2114 Η

172 2122 254 2158 rem]
283 2130 351 2150 rem
377 2129 467 2150 suam
487 2119 530 2151 V.
574 2119 584 2161 Η
627 2119 645 2150 9
672 2130 734 2150 non
761 2129 825 2151 om..
847 2117 882 2151 G.
927 2118 937 2162 Η
988 2120 1026 2150 10
1053 2119 1168 2150 labore
1192 2117 1249 2151 Ga,
1294 2117 1305 2160 Η
1351 2120 1418 2157 res]
1445 2128 1481 2149 re
1505 2116 1540 2149 G.
1585 2117 1595 2160 Η

175 2166 213 2197 11
241 2165 369 2204 legitur
388 2189 394 2195 .
416 2189 422 2195 .
443 2189 450 2196 .
481 2165 518 2195 12
546 2165 705 2204 traditae]
732 2170 942 2207 comparatae
969 2169 1047 2197 sunt
1073 2165 1137 2206 ipsi
1172 2164 1316 2196 traditae
1349 2164 1477 2204 legitur
1511 2165 1597 2205 quod

173 2212 203 2243 si
236 2221 318 2242 uero
351 2210 445 2241 euius
478 2211 608 2241 nomine
642 2220 696 2242 res
729 2216 807 2242 sunt
831 2210 874 2242 V.
917 2210 927 2252 Η
970 2211 1079 2249 cuius]
1106 2220 1164 2252 pro
1198 2210 1291 2241 cuius
1318 2209 1355 2240 P.
1399 2208 1410 2251 Η
1452 2219 1506 2241 res
1532 2220 1597 2240 om.

174 2255 211 2289 G.
246 2254 256 2298 Η
295 2256 334 2287 13
360 2257 435 2287 data
458 2254 492 2287 G.
529 2255 538 2297 Η
575 2255 614 2287 14
641 2256 708 2295 sed]
735 2256 765 2287 si
784 2255 824 2288 V.
860 2254 870 2298 Η
908 2257 946 2289 15
973 2256 1117 2297 recipire
1137 2255 1198 2287 Va,
1234 2254 1245 2298 Η
1279 2255 1357 2296 quia
1381 2266 1462 2296 seqq.
1490 2256 1597 2285 nescio

171 2311 233 2344 quo
264 2301 359 2333 modo
391 2304 549 2343 com-apta
580 2302 660 2332 sint.
702 2300 713 2344 Η
755 2300 859 2332 fuerit
884 2302 922 2332 P.
966 2300 977 2344 Η
1022 2304 1061 2334 16
1088 2300 1235 2332 dominio
1263 2300 1303 2331 P.
1345 2299 1355 2342 Η
1401 2301 1437 2333 17
1467 2298 1598 2331 familia

176 2346 242 2380 GP.
274 2345 284 2389 Η
320 2347 357 2379 18
377 2347 556 2377 diuidendo
579 2344 646 2378 GP.
683 2345 692 2388 Η
729 2347 768 2378 19
786 2347 961 2387 gratianus
982 2346 1021 2379 V.
1057 2346 1067 2389 Η
1102 2351 1199 2388 cepta
1220 2346 1262 2378 V.
1298 2344 1309 2388 Η
1343 2347 1385 2376 zo
1412 2346 1461 2377 sic
1479 2346 1523 2383 (si
1543 2345 1596 2383 V)

172 2393 290 2424 haberi
316 2391 435 2423 0711.G.
479 2391 489 2433 Η
532 2393 561 2423 si
591 2402 654 2423 om.
675 2391 716 2424 V.
758 2391 768 2434 Η
810 2392 882 2424 sine
915 2402 978 2424 om.
1010 2390 1045 2423 G.
1089 2390 1099 2434 Η
1142 2392 1204 2431 rei]
1233 2391 1284 2422 rei
1312 2401 1348 2422 re
1378 2389 1411 2423 G.
1454 2389 1465 2432 Η
1507 2401 1596 2421 com-

174 2438 449 2470 memorationem
479 2436 550 2470 GI'.
592 2436 602 2479 Η
644 2437 684 2468 21
713 2437 785 2468 sine
806 2436 840 2469 G.
883 2436 893 2477 Η
936 2438 977 2469 22
1005 2438 1126 2469 iudicis
1156 2436 1322 2476 Cm'aeins,
1348 2436 1471 2467 iudicio
1494 2434 1596 2468 GPV.

172 2482 185 2525 Η
226 2488 262 2514 ut
298 2483 465 2522 Cuiacz'us,
497 2493 560 2513 non
593 2482 783 2524 prohiberis
814 2487 852 2514 ut
880 2484 933 2521 (ut
966 2493 1030 2515 0711..
1059 2483 1111 2522 V)
1139 2481 1237 2514 GPV.
1278 2483 1292 2522 Η
1334 2492 1396 2512 non
1424 2482 1496 2523 plus
1530 2491 1596 2513 om.

173 2529 216 2561 V.
246 2527 257 2570 Η
288 2528 329 2560 23
356 2529 480 2570 aliquis
506 2529 544 2565 P,
570 2528 696 2570 aliquid
719 2527 809 2567 GVb,
835 2529 963 2570 mquid
983 2528 1054 2560 Va:
1081 2538 1175 2570 quam
1201 2538 1229 2558 a.
1256 2537 1284 2558 e.
1310 2527 1487 2558 habiturus
1512 2526 1598 2558 delet

174 2572 366 2606 Mommsen.
400 2572 411 2616 Η
444 2574 621 2605 habituros
642 2572 676 2605 G.
712 2572 722 2615 Η
758 2584 799 2604 ex
827 2573 993 2613 Came-ms,
1019 2584 1084 2605 om.
1106 2572 1206 2605 GPV.
1243 2571 1253 2614 Η
1294 2582 1348 2604 res
1367 2573 1405 2604 P.
1448 2570 1459 2614 Η
1501 2576 1595 2614 cepta

176 2619 219 2651 V.
255 2618 266 2661 Η
299 2619 453 2652 institut*
476 2617 533 2651 G«.
564 2618 574 2661 Η
606 2620 646 2651 24
673 2618 809 2651 falcidia
831 2618 866 2651 G.
897 2618 907 2661 Η
938 2620 980 2650 25
999 2629 1132 2650 cessare
1152 2643 1158 2649 .
1178 2642 1185 2649 .
1205 2642 1211 2648 .
1231 2619 1308 2657 230,
1327 2618 1345 2648 2
1371 2622 1450 2649 tuae
1467 2611 1510 2648 A'
1525 2617 1597 2657 αῐίί,

175 2675 240 2696 om.
258 2663 361 2697 GPV:
379 2665 483 2696 uerba
498 2665 539 2696 25
559 2675 629 2696 eum
649 2675 732 2706 seqq.
755 2664 930 2706 confirmat
951 2664 1026 2696 Cod.
1045 2664 1129 2695 last.
1156 2662 1166 2706 Η
1193 2663 1331 2705 proinde
1348 2662 1504 2695 Cm'acc'us
1521 2673 1597 2694 cum

173 2709 272 2742 libris
296 2708 468 2741 nonnullis
494 2712 576 2741 teste
601 2709 767 2752 Haenelio,
794 2720 937 2752 perenne
964 2711 1007 2741 A.
