1855 2957
289 120 374 146 ΜΤ.
395 120 454 146 FR.
473 122 622 148 260—262.
798 138 914 142 —
976 113 1030 154 82
1093 138 1210 142 ——
1291 113 1362 157 <An
1382 123 1517 151 LEGEM
1536 124 1700 151 cmctAM

348 357 443 413 <AD
489 359 683 398 LEGEM
728 358 968 399 CINCIAM
1010 358 1080 397 DE
1126 358 1629 411 DONATIONIBVS1.>

194 462 263 497 260
289 451 398 490 Item.
459 451 580 490 Filius
624 451 903 503 emancipatus,
950 451 1010 490 cui
1047 457 1157 502 pater
1201 452 1395 503 peculium
1428 465 1507 492 non
1539 454 1696 499 ademit,

188 970 252 1004 261

286 520 349 546 res
394 508 550 559 quidem
597 521 666 560 pro
712 509 854 547 donato
899 508 962 546 uel
992 520 1062 559 pro
1094 520 1184 555 suo,
1230 509 1333 559 quod
1364 509 1506 548 iustam
1539 522 1696 549 causam

284 565 509 615 possidendi
540 565 667 611 habet,
700 578 775 603 usu
807 564 920 616 capit,
953 566 1021 603 sed
1052 564 1245 604 debitores
1276 566 1484 604 conuenire
1515 579 1593 605 non
1625 579 1697 618 po-

284 627 361 659 test
391 634 516 672 neque
547 622 633 660 lites
664 621 903 673 peculiares²
934 621 1130 672 prosequi,
1163 621 1196 660 si
1227 634 1305 660 non
1338 622 1389 660 sit
1418 622 1457 660 in
1479 635 1563 661 rem
1586 635 1694 662 suam

283 679 461 728 cognitor
492 678 604 716 datus
635 685 702 717 aut
723 678 926 716 nominum
951 678 1212 728 delegationes
1233 678 1546 718 interuenerunt.
1584 680 1697 730 plane

283 735 386 784 quod
432 734 467 772 ei
512 734 680 772 soluitur
722 741 830 786 patre
876 746 955 772 non
993 734 1267 782 dissentiente,
1299 735 1514 774 debitorem
1546 736 1696 783 liberat,

282 802 355 828 nec
384 790 548 829 interest
585 803 633 829 an
676 792 964 843 emancipatum
1007 791 1159 842 ignoret
1189 792 1252 830 uel
1281 792 1315 830 ei
1347 804 1425 830 non
1457 805 1542 831 esse
1573 805 1691 843 pecu—

281 847 376 885 lium
425 847 666 898 ademptum,
712 860 801 886 cum
848 847 903 886 rei
935 847 1152 887 substantia
1182 849 1270 900 plus
1300 848 1463 900 polleat³
1495 848 1697 888 existima-

281 903 388 942 tione
420 904 525 942 falsa.

281 959 392 998 Item.
453 960 653 999 Peculium
685 960 857 999 uindicta
889 960 1132 1000 manumisso
1164 961 1227 1000 uel
1256 961 1359 1001 inter
1393 962 1540 1001 amicos
1562 961 1695 1001 sinon

283 1016 489 1063 adimatur,
522 1017 686 1056 donari⁴
717 1017 882 1056 videtur.
943 1030 1041 1069 quae
1069 1018 1167 1057 ratio
1188 1019 1292 1064 facit,
1325 1025 1370 1057 ut
1391 1031 1437 1057 ex
1458 1019 1559 1057 iusta
1581 1031 1695 1058 causa

278 1073 483 1124 possidens
530 1087 745 1126 usucapere
775 1087 857 1114 rem
904 1075 1042 1126 possit.
1102 1075 1205 1114 aliud
1247 1075 1287 1114 in
1318 1075 1378 1114 his
1409 1075 1566 1127 placuit,
1598 1075 1694 1127 qui⁵

282 1130 525 1170 testamento⁶
556 1131 774 1170 libertatem
806 1138 1041 1182 acceperunt
1070 1132 1132 1170 uel
1154 1138 1373 1171 testamento
1405 1132 1600 1183 parentis⁷
1624 1145 1696 1184 po-

280 1192 419 1225 testate
451 1187 681 1235 soluuntur3
713 1201 812 1238 quos
844 1188 1022 1227 amittere
1044 1189 1252 1240 peculium,
1285 1189 1317 1227 si
1339 1201 1418 1228 non
1439 1189 1490 1227 sit
1510 1189 1693 1239 legatum,

280 1243 473 1290 constitit,
519 1257 644 1295 neque
675 1246 778 1283 enim
813 1245 926 1284 tacita
958 1245 1166 1284 liberalitas
1199 1246 1371 1284 defuncti
1402 1245 1694 1297 permittentis⁸

279 1300 448 1338 retinere
480 1302 673 1352 peculium
705 1301 835 1353 potuit
863 1302 1045 1352 intellegi.
1075 1326 1117 1341 Ν

187 1366 254 1400 262
279 1356 391 1395 Item.
454 1357 626 1408 Sponsae
670 1370 732 1397 res
764 1358 992 1410 simpliciter
1022 1358 1184 1397 donatae
1215 1371 1294 1397 non
1326 1358 1514 1397 insecutis
1545 1358 1693 1410 nuptiis

280 1426 358 1451 non
389 1421 633 1464 repetuntur.
695 1415 760 1453 sed
793 1421 832 1453 et
862 1415 895 1453 si
925 1415 1134 1453 adfinitatis
1166 1415 1453 1454 contrahendae
1484 1428 1599 1454 causa
1621 1415 1692 1454 do-

277 1469 456 1508 nationes
487 1470 609 1509 factae
641 1477 734 1509 sunt
764 1478 802 1509 et
823 1471 1006 1510 nuntium
1039 1484 1208 1523 sponsus
1241 1472 1351 1523 culpa
1383 1484 1452 1510 sua
1481 1472 1689 1518 remiserit,

277 1538 398 1576 aeque
443 1538 520 1565 non
567 1534 814 1579 repetuntur.
891 1528 996 1579 quod
1033 1527 1087 1566 ita
1125 1528 1296 1579 intellegi
1326 1534 1491 1580 oportet,
1524 1529 1556 1567 si
1588 1541 1702 1567 revo—

286 1664 378 1671 Q
381 1665 981 1676 mxmwcwewcwsmw
986 1670 1015 1676 χχ
1018 1668 1170 1675 -s—vixvv»

370 1768 382 1798 1
413 1777 532 1799 uersus
561 1767 645 1800 duos
668 1770 727 1801 lzoc
756 1769 825 1801 loco
858 1769 957 1802 hodie
987 1780 1114 1802 uacuos
1143 1771 1177 1801 in
1209 1769 1318 1802 codice
1341 1769 1418 1802 olim
1441 1768 1574 1801 uidetur
1597 1778 1693 1800 occet-

272 1812 409 1852 pauz'ssc
445 1814 580 1845 rubrica
617 1815 656 1845 ad
693 1816 799 1855 legem
836 1815 985 1847 Cinciam
1023 1816 1062 1847 de
1095 1815 1349 1853 donationibus3
1385 1825 1465 1847 num
1496 1825 1518 1846 a
1547 1815 1699 1856 sequenti

274 1855 351 1887 inde
373 1859 511 1900 pagina,
537 1870 620 1900 quae
643 1860 775 1892 orditur
802 1863 837 1892 in
860 1861 972 1892 medio
997 1872 1023 1893 c.
1042 1862 1118 1901 261,
1143 1861 1221 1894 haec
1245 1862 1363 1904 incipit
1386 1862 1421 1892 in
1438 1861 1584 1893 summis
1599 1859 1696 1901 foliis

271 1903 446 1943 perscribi,
470 1905 518 1935 ita
542 1907 580 1935 vt
604 1907 638 1936 in
658 1908 773 1948 primo
794 1908 1001 1949 pag-inarum
1025 1908 1107 1950 pari
1130 1906 1266 1948 legatur
1291 1907 1331 1937 ad
1356 1906 1463 1946 legem
1481 1904 1629 1937 Cinciam
1654 1904 1694 1936 de

274 1947 530 1989 donationibus,
561 1951 596 1981 in
629 1953 845 1992 sequentibus
875 1954 1009 1984 inverso
1041 1951 1155 1984 ordine
1185 1953 1224 1983 de
1256 1951 1493 1984 donationibus
1519 1950 1559 1981 ad
1586 1950 1693 1989 legem

275 1992 436 2025 Cinciam.
472 2004 547 2025 cnm
572 1997 684 2027 tamen
709 1997 762 2028 hic
780 1997 901 2029 titulus
923 2009 944 2029 α
957 1997 1172 2040 praecedente
1189 1997 1330 2039 ‘quando
1349 1997 1493 2028 donator
1510 1995 1692 2035 intellega-

273 2041 330 2068 tur
366 2049 545 2072 reuocasse
582 2041 802 2074 uoluntatem'
839 2043 1007 2075 commode
1031 2045 1189 2086 separari
1213 2044 1354 2085 nequeat
1377 2044 1409 2074 et
1432 2044 1463 2073 is
1486 2042 1521 2072 in
1547 2051 1609 2083 quo
1632 2050 1691 2073 ru-

274 2083 367 2114 brica
392 2083 530 2117 uidetur
551 2086 664 2127 fuisse
686 2087 777 2119 locus
799 2090 835 2119 in.
858 2088 1003 2121 mediam
1030 2091 1270 2131 eaeeerptorum
1287 2088 1555 2130 Papinianorum
1571 2088 1694 2118 seriem

273 2128 420 2169 incidat,
458 2140 479 2161 a
514 2129 655 2163 librario
691 2135 805 2175 magis
840 2145 939 2174 quam
977 2135 1018 2165 ab
1043 2136 1179 2165 auctore
1203 2134 1282 2165 llaec
1305 2133 1439 2165 rubrica
1462 2132 1695 2174 proficiscitur

271 2173 402 2205 adiecta
425 2176 533 2219 inepte
554 2180 690 2220 propter
713 2180 816 2210 uerba
841 2190 925 2220 quae
947 2179 1155 2223 praecedunt
1180 2179 1346 2221 ‘quoniam
1370 2182 1477 2210 morte
1496 2178 1611 2209 Cincia
1638 2186 1692 2208 re-

272 2219 452 2252 mouetur'.
502 2221 615 2253 Maius
652 2224 786 2255 titulum
820 2223 912 2256 illum
945 2227 1051 2268 coepit
1074 2236 1095 2256 α
1118 2234 1143 2256 c.
1163 2224 1239 2264 266,
1276 2226 1349 2255 sine
1371 2223 1488 2255 idonea
1512 2233 1623 2254 causa.
1673 2219 1690 2264 ΙΙ

273 2264 293 2295 2
319 2260 423 2306 pecuii
451 2267 496 2307 V,
526 2267 614 2308 qnod
641 2269 777 2301 uidetur
808 2271 1003 2313 sig-nificare
1035 2270 1260 2310 pecuniarias;
1297 2268 1477 2301 emendam·
1507 2279 1579 2310 ego.
1621 2266 1632 2309 ΙΙ
1673 2267 1693 2298 3

273 2310 404 2351 puileat
429 2311 472 2343 V.
526 2311 537 2354 ΙΙ
589 2315 609 2343 4
635 2314 791 2346 donatori
818 2316 862 2355 Γ,
887 2315 949 2347 sed
972 2322 1006 2347 to
1032 2315 1174 2347 deletum
1199 2326 1270 2346 esse
1292 2318 1384 2346 notat
1408 2313 1494 2346 Detl.
1536 2312 1548 2356 {l
1590 2313 1692 2364 5—qui

274 2367 381 2409 mG,
408 2378 471 2400 om.
497 2371 531 2401 in
556 2371 653 2403 hiatu
679 2371 747 2403 Vd.
789 2371 800 2414 Η
834 2374 853 2405 6
880 2379 1007 2405 tantum
1034 2373 1078 2414 V3
1103 2383 1165 2405 em.
1189 2383 1270 2430 ocgo,
1294 2359 1326 2405 ῐῖ
1355 2371 1482 2404 scilieet
1502 2380 1565 2413 pro
1591 2375 1629 2402 tt.
1668 2370 1685 2415 Η

273 2443 292 2473 ’7
317 2450 521 2484 acceperunt
532 2462 630 2479 *mn*
654 2450 688 2478 to
707 2448 858 2488 parentis
876 2448 943 2487 Va,
970 2445 1299 2491 acceperuntiumw
1329 2447 1399 2488 Vk,
1425 2453 1630 2490 acceperunt
1660 2448 1690 2479 si

271 2492 470 2521 testamento
509 2492 660 2532 parentis
687 2491 724 2524 V
729 2499 766 2524 m,
799 2494 832 2524 in
868 2493 917 2524 ed.
954 2495 1036 2532 mai,
1068 2496 1194 2538 scripsi
1222 2499 1389 2535 parentes,
1425 2492 1464 2525 de
1488 2494 1691 2526 statulffieris

272 2533 324 2564 liic
348 2545 534 2567 sermonem
559 2547 631 2568 esse
653 2538 843 2569 arbitratus
851 2551 862 2577 ,·
886 2542 1040 2581 praestat
1063 2542 1173 2571 tamen
1192 2541 1334 2571 retinere
1348 2543 1551 2571 testamento
1570 2550 1690 2582 paren-

271 2578 336 2619 tis,
372 2582 408 2610 ui
432 2581 645 2623 significetur
666 2586 811 2624 potestas
834 2585 926 2624 eius,
963 2586 1021 2626 qui
1049 2586 1244 2617 testamento
1267 2587 1374 2627 paret,
1400 2587 1432 2616 el
1454 2585 1628 2628 explicare
1651 2585 1691 2617 de

270 2627 540 2658 manumissione
561 2627 892 2670 fideicommissaria:
923 2631 977 2661 uel
1004 2636 1112 2662 morte
1136 2631 1285 2673 parentis
1310 2629 1471 2673 [ἧκες-εν.
1515 2629 1527 2673 ΙΙ
1568 2631 1587 2664 8
1613 2641 1690 2674 per-

271 2669 438 2702 mittentis
465 2671 533 2703 ‘sic’
562 2673 631 2712 Vd,
658 2676 695 2705 ut
720 2674 827 2706 uoluit
850 2674 976 2716 Maius,
1002 2676 1233 2717 promittentis
1252 2675 1328 2708 Vm,
