1828 3011
771 150 1214 190 —122—

279 267 318 306 id
348 267 582 320 reperiatur)
594 268 637 319 1),
670 273 708 306 et
727 281 765 320 p.
786 267 877 314 178,
904 267 953 306 10
977 266 1043 305 ubi
1073 272 1162 317 post
1187 267 1336 306 uidetur
1359 273 1475 318 caput
1507 267 1699 318 incipiunt

279 336 430 370 omnes,
462 337 532 375 pro
563 324 712 363 traditis
744 332 778 363 et
797 328 850 363 ita
872 324 989 362 celsus
1010 345 1063 350 —
1086 326 1138 362 ait
1159 326 1255 362 enim
1276 323 1479 362 substituit
1500 324 1696 363 rubricam

279 381 322 420 de
352 381 492 432 stipula
521 382 753 420 incendentis
777 381 908 419 celsius
930 379 1193 418 Vei-cellensis.
1261 379 1356 418 liaeo
1386 381 1582 430 quomodo
1614 381 1696 419 sin-

279 437 379 488 gulis
410 438 503 476 loeis
526 450 566 476 se
588 437 754 475 habeant
775 449 863 475 cum
887 437 932 475 ad
956 435 1074 474 crisin
1097 436 1221 481 faeiat,
1252 435 1291 473 in
1314 444 1498 487 apparatu
1521 450 1562 475 ea
1586 438 1696 476 com'-

278 500 427 545 parent.
458 516 514 522 —-
534 494 591 532 Ad
623 494 715 532 haec
742 494 865 544 capita
886 492 952 543 qui
975 492 1132 530 formati
1154 498 1248 530 sunt
1268 493 1414 532 indices
1436 493 1694 544 capitulorum

277 556 317 589 et
353 550 427 602 ipsi
462 550 708 588 librariorum
742 556 855 594 sunt,
903 549 969 587 sed
1003 555 1105 587 certe
1140 549 1424 587 Berolinensem
1456 550 1596 588 librum
1630 551 1695 601 qui

277 607 434 658 scripsit
463 607 650 658 principia
682 606 851 657 capitum
884 618 963 643 non
995 617 1040 643 ex
1070 606 1290 656 apographo
1322 618 1405 652 suo,
1437 607 1502 644 sed
1534 619 1579 644 ex
1610 606 1695 658 ipso

277 664 486 714 archetypo
508 663 546 700 in
573 663 739 701 indicem
762 662 925 704 rettulit,
948 674 1035 700 cum
1060 662 1292 712 quibusdam
1316 662 1408 700 locis
1430 663 1491 711 (ut
1514 664 1605 708 154,
1630 664 1694 701 17.

281 719 372 765 163,
398 720 461 757 15.
497 720 588 764 177,
612 719 677 757 20.
714 718 806 763 178,
833 720 867 756 1.
903 719 994 764 197,
1019 718 1090 768 23)
1121 718 1234 756 lectio
1276 718 1414 757 indicis
1452 719 1693 758 emendatior

277 775 327 814 sit
348 788 462 826 quam
481 776 518 814 in
543 782 690 813 textum
714 782 880 826 recepta.
916 775 1062 813 uariam
1086 775 1290 813 lectionem
1310 775 1399 813 inde
1422 775 1691 827 depromptam

277 838 321 870 ut
359 833 397 870 in
444 838 671 883 apparatum
712 832 949 876 rettulimus,
992 831 1043 869 ita
1081 831 1155 882 ipsi
1191 831 1337 870 indices
1383 831 1567 882 (quorum
1602 832 1694 870 Ver-

276 889 484 927 cellensem
517 895 556 927 et
588 888 926 927 Vindobonensem
968 888 1087 927 edidit
1124 888 1319 939 Blumius)
1357 901 1436 927 non
1479 888 1584 939 digni
1621 888 1694 927 uisi

275 951 369 984 sunt
399 958 497 996 quos
530 945 628 996 typis
659 946 979 996 exprimeremus.

388 1002 722 1053 Interpolationes,
755 1014 852 1052 quae
883 1002 1040 1052 quidem
1072 1001 1217 1039 nostris
1247 1001 1356 1039 libris
1383 1000 1565 1040 omnibus
1587 1014 1695 1040 com-

275 1070 414 1096 munes
446 1058 525 1097 sint
555 1065 593 1097 et
623 1066 728 1097 certo
759 1059 804 1096 ad
835 1060 1086 1110 archetypum
1116 1070 1324 1096 commune
1346 1057 1593 1104 adscendant,
1626 1059 1694 1097 ad-

275 1122 369 1153 sunt
405 1115 560 1165 quidem
600 1115 758 1165 aliquot,
800 1122 844 1153 ut
881 1115 982 1153 tituli
1019 1114 1135 1166 primi
1173 1114 1239 1164 qui
1277 1120 1336 1152 est
1371 1122 1409 1153 et
1440 1115 1598 1153 secundi
1629 1114 1694 1165 qui

276 1172 350 1209 tuit
387 1172 660 1222 inscriptiones
698 1178 921 1223 corruptae,
960 1177 998 1209 et
1029 1171 1199 1222 capitum
1231 1171 1385 1209 numeri
1417 1171 1558 1216 ficticii,
1596 1184 1695 1222 quos

275 1228 392 1266 modo
424 1227 595 1266 uidimus
618 1228 788 1266 adfuisse
809 1229 884 1266 iam
908 1228 945 1266 in
969 1228 1190 1278 archetypo,
1221 1227 1312 1265 item
1349 1228 1440 1273 154,
1464 1227 1517 1266 24
1547 1228 1694 1266 adiecta

276 1284 393 1322 uerba
421 1287 507 1323 item
531 1283 819 1330 Theodosz'anus,
851 1285 897 1322 de
918 1284 1060 1334 quibus
1082 1296 1171 1322 mox
1204 1284 1365 1329 dicetur,
1398 1284 1489 1323 item
1526 1285 1617 1331 141,
1644 1285 1695 1322 14

273 1341 336 1379 uel
381 1353 440 1379 res
469 1341 589 1379 uerba
624 1343 797 1391 rescripti
825 1353 894 1391 pro
934 1341 1040 1390 siglis
1075 1353 1114 1378 u.
1145 1352 1192 1385 r.,
1240 1346 1277 1378 et
1310 1341 1400 1386 144,
1435 1341 1458 1378 7
1497 1353 1584 1379 eum
1623 1353 1694 1392 pro

277 1397 418 1448 aquilia
464 1397 652 1447 seriptum
692 1404 796 1435 esset
841 1397 1034 1448 aquiliam,
1081 1397 1170 1434 inde
1215 1398 1359 1434 factum
1406 1398 1456 1435 ad
1499 1398 1692 1448 aquiliam.

277 1452 426 1499 168,2
468 1453 666 1491 intrusum
704 1454 832 1491 uerbis
876 1453 1024 1502 aliaque
1072 1452 1234 1498 minora,
1281 1453 1348 1490 sed
1393 1465 1501 1491 rarae
1546 1466 1611 1492 eae
1656 1460 1696 1492 et

275 1510 383 1548 facile
430 1509 788 1560 deprehendendae.
849 1509 915 1547 sed
962 1508 1096 1547 multis
1141 1508 1235 1547 loeis
1282 1508 1391 1547 hiant
1429 1509 1517 1547 libri
1557 1522 1695 1548 omnes

273 1567 390 1605 modo
436 1566 598 1615 singulis
643 1565 842 1604 uocabulis
888 1566 1002 1604 modo
1048 1565 1142 1603 adeo
1189 1565 1400 1604 enuntiatis
1440 1565 1595 1604 omissis
1635 1569 1695 1612 (ut

275 1622 457 1670 177,10.
493 1622 672 1669 189,14.
708 1622 800 1669 191,
832 1621 856 1660 2
895 1629 934 1660 et
970 1623 1146 1673 passim).
1207 1622 1319 1672 longe
1359 1622 1536 1673 pluribus
1575 1623 1694 1673 codex

272 1680 505 1730 archetypus
538 1679 688 1718 mendis
720 1691 791 1718 nec
821 1691 908 1717 raro
940 1678 1123 1729 grauibus
1154 1678 1382 1729 inquinatus
1403 1679 1489 1717 fuit.
1521 1691 1594 1718 nec
1622 1680 1693 1718 ad—

272 1736 433 1775 modum
476 1742 656 1775 uetustus
693 1735 811 1774 fuerit
840 1748 999 1774 necesse
1030 1741 1105 1774 est:
1149 1736 1307 1781 scilicet,
1339 1735 1571 1774 minusculis
1602 1749 1691 1775 eum

272 1800 470 1832 exaratum
510 1792 629 1831 fuisse
665 1792 838 1831 indicant
874 1804 1026 1830 errores
1063 1792 1102 1830 iu
1140 1792 1359 1843 apographa
1398 1792 1525 1831 omnia
1564 1799 1694 1832 trans-

270 1850 350 1896 lati,
384 1856 428 1888 ut
451 1849 543 1895 176,
567 1849 617 1887 21
645 1856 678 1888 ec
699 1850 856 1888 editione
878 1849 1065 1900 seriptum
1088 1861 1159 1899 pro
1181 1849 1363 1888 deditione
1383 1856 1422 1887 et
1442 1849 1585 1900 passim
1608 1862 1626 1888 s
1656 1856 1695 1888 et

270 1918 294 1945 r
323 1913 584 1957 permutatae,
632 1913 675 1944 ut
709 1907 800 1952 145,
841 1906 891 1944 10
922 1908 1194 1944 reoetertiorum
1225 1918 1295 1957 pro
1331 1908 1587 1945 sestertiorum
1624 1906 1699 1945 BV

273 1962 530 2013 similiterque
552 1962 718 2014 saepius,
752 1961 845 2006 186,
869 1962 893 2000 6
914 1974 956 2001 re
977 1961 1098 2000 BWV
1124 1974 1194 2013 pro
1225 1975 1274 2007 se,
1308 1961 1401 2008 187,
1427 1963 1477 2000 14
1508 1963 1570 2001 sed
1590 1970 1693 2002 trac-

273 2027 354 2059 tare
392 2019 422 2057 B
458 2032 528 2070 pro
567 2026 789 2065 retractare,
831 2017 998 2065 187,18
1034 2026 1156 2057 rectas
1191 2017 1262 2057 BV
1289 2031 1360 2070 pro
1390 2026 1518 2065 sectas,
1553 2018 1644 2064 188,
1668 2019 1692 2058 6

274 2077 641 2115 euidentissimorum
671 2075 797 2114 BWV
821 2088 890 2127 pro
922 2076 1195 2114 euidentissime
1225 2083 1322 2121 sunt,
1354 2075 1498 2127 passim
1529 2078 1694 2115 incertus

272 2145 344 2184 pro
374 2135 535 2171 incestus
563 2131 651 2177 VW,
687 2132 779 2179 169,
806 2132 856 2171 10
887 2135 1047 2171 vestitur
1075 2132 1156 2171 VW
1184 2144 1254 2183 pro
1290 2135 1466 2171 uertitur.
1512 2132 1695 2183 peruenit

272 2190 346 2228 hoc
382 2189 429 2228 ad
466 2189 685 2240 apographa
726 2189 811 2232 tria,
850 2189 916 2227 sed
961 2189 1074 2239 longe
1116 2188 1359 2239 frequentius
1404 2200 1518 2239 quam
1566 2189 1597 2228 B
1637 2189 1692 2228 sic

274 2252 456 2285 errarunt
494 2245 575 2284 VW
601 2252 735 2297 utpote
766 2252 944 2284 uetustae
976 2246 1190 2297 scripturae
1222 2245 1352 2284 minus
1384 2244 1505 2295 gnari.

384 2302 474 2340 Tria
497 2303 715 2353 apographa
738 2314 853 2353 quem
886 2303 1014 2341 locum
1048 2302 1218 2340 inuicem
1252 2308 1420 2348 teneant,
1452 2302 1556 2340 dictu
1589 2301 1692 2340 disfi-

275 2357 346 2396 cile
384 2364 455 2397 est.
516 2359 765 2397 Berolinense
794 2359 906 2409 longe
938 2359 1129 2410 optimum
1162 2358 1394 2409 quibusdam
1425 2357 1519 2396 loeis
1540 2359 1692 2409 plenius

271 2420 330 2452 est
362 2426 478 2466 quam
514 2415 589 2454 duo
622 2415 710 2461 alia,
743 2422 785 2454 ut
817 2416 909 2462 164,
932 2415 956 2454 6
990 2415 1107 2454 uerba
1135 2418 1305 2466 quirem
1327 2444 1335 2453 .
1362 2444 1369 2452 .
1394 2444 1402 2452 .
1428 2421 1562 2466 potest,
1596 2415 1689 2453 item

271 2476 444 2510 extrema
480 2472 570 2511 inde
611 2485 631 2510 a
666 2484 703 2524 p.
739 2471 836 2517 198,
866 2472 890 2510 2
927 2472 1033 2511 solus
1069 2472 1242 2510 seruauit
1283 2477 1322 2510 et
1361 2471 1506 2522 passim
1550 2483 1690 2510 uerum

272 2527 337 2566 dat
374 2528 441 2567 ubi
474 2528 536 2567 illa
574 2535 716 2567 errant.
777 2535 946 2567 attamen
985 2535 1063 2567 non
1103 2529 1229 2567 solum
1271 2540 1292 2566 e
1327 2528 1521 2566 contrario
1563 2528 1691 2566 hiatus

1190 2622 1637 2629 smmmwssnww
1642 2622 1683 2628 Ν-

706 2623 940 2631 mvmw-vvv.

365 2676 391 2717 1)
417 2676 465 2709 lta
492 2688 521 2719 p.
552 2677 626 2717 177,
646 2679 660 2710 1
681 2677 738 2708 ubi
757 2678 820 2708 duo
841 2677 901 2709 alii
920 2678 1002 2709 libri
1028 2678 1152 2709 habent
1168 2676 1258 2708 idem
1279 2676 1403 2719 paulus
1419 2675 1691 2708 vindobonensis

272 2721 376 2753 rubro
402 2723 517 2753 colore
548 2723 740 2764 praemittit
771 2723 917 2755 alterum
943 2723 1052 2755 idem:
1091 2723 1251 2754 similiter
1280 2721 1368 2753 idem
1400 2721 1452 2753 bis
1485 2721 1532 2753 ibi
1563 2721 1690 2761 legitur

276 2767 351 2808 197,
376 2767 407 2800 9.
434 2768 486 2800 16.
512 2768 554 2799 22
580 2773 615 2800 et
639 2768 719 2800 aliis
744 2768 844 2801 locis.
