1855 2957
255 753 390 793 Libelli
421 766 535 805 quem
569 754 720 793 edimus
750 753 984 801 Collationis,
1017 760 1060 793 ut
1087 753 1268 806 appellari
1291 753 1398 800 solet,
1430 753 1558 804 legum

138 810 393 850 Mosaicarum
426 817 465 850 et
493 811 757 850 Romanarum
789 816 942 862 praeter
972 811 1099 862 ipsum
1135 818 1253 850 testes
1285 810 1434 862 antiqui
1464 810 1562 849 nulli

139 868 185 907 ad
231 881 303 908 nos
343 875 627 920 peruenerunt3
673 880 762 907 nam
801 868 902 919 quod
936 868 1112 907 Blumius
1149 868 1195 907 ad
1232 868 1345 907 edicti
1383 867 1561 906 Theode-

137 924 274 964 riciani
304 937 336 964 c.
360 925 412 964 59
444 925 646 964 adnotauit
674 925 839 964 fortasse
860 925 898 963 id
926 925 1118 977 proficisci
1139 938 1184 964 ex
1206 925 1322 964 huius
1347 924 1435 964 libri
1468 937 1499 963 c.
1523 925 1562 971 4,

141 983 176 1029 1,
209 982 275 1033 qui
306 989 519 1032 utrumque
549 982 676 1020 locum
701 981 921 1028 contulerit,
953 983 1086 1021 reiciat
1106 995 1265 1021 necesse
1286 988 1356 1020 est.
1409 981 1562 1020 codices

137 1045 267 1078 autem
301 1038 367 1090 qui
399 1038 649 1078 Collationem
682 1038 848 1077 habeant
879 1044 1012 1077 extant
1043 1044 1139 1085 tres;
1182 1045 1366 1090 quattuor
1397 1038 1559 1077 aliorum

137 1096 185 1135 ab
215 1095 290 1135 illis
322 1095 568 1135 diuersorum
602 1095 664 1133 uel
695 1101 798 1133 certe
830 1094 896 1145 qui
926 1095 1079 1147 possint
1100 1095 1245 1135 diuersi
1268 1096 1399 1143 fuisse,
1432 1095 1559 1146 aliqua

136 1152 272 1192 notitia
306 1159 496 1204 superest.
557 1158 651 1191 sunt
681 1158 811 1190 autem
845 1150 903 1190 hi:

254 1211 288 1248 1.
322 1209 438 1248 Liber
468 1208 583 1248 hodie
605 1208 866 1247 Berolinensis
892 1209 973 1248 Lat.
997 1208 1061 1248 fol.
1083 1221 1121 1247 n.
1145 1208 1227 1248 269
1260 1208 1428 1260 scriptus
1462 1220 1561 1246 saec.

134 1266 187 1305 IX
218 1266 378 1318 eiusque
408 1272 517 1318 parte
547 1265 676 1318 priore
706 1266 828 1316 magis
860 1279 975 1318 quam
1008 1265 1222 1317 posteriore
1255 1271 1407 1305 constat
1434 1277 1561 1304 mem-

136 1323 268 1362 branis
299 1326 447 1362 formae
486 1323 753 1374 quaternariae
789 1336 955 1363 numero
996 1323 1109 1369 CCII,
1156 1335 1321 1374 quarum
1362 1328 1492 1361 tamen
1534 1323 1560 1360 f.

135 1379 372 1420 200¹—202
403 1380 590 1419 habentes
625 1380 846 1432 passionem
885 1382 924 1421 S.
957 1380 1146 1430 Gorgonis
1178 1379 1360 1431 martyris
1391 1392 1410 1418 a
1443 1391 1561 1418 manu

136 1450 234 1477 saec.
266 1437 336 1476 XII
368 1437 430 1476 uel
449 1437 538 1476 XIII
569 1443 743 1476 exaratae
767 1444 870 1485 sunt,
908 1438 1113 1489 quaternio
1139 1437 1252 1476 hodie
1273 1439 1298 1475 f.
1326 1435 1561 1482 183-100,

135 1494 339 1534 continens
356 1493 560 1533 Iustiniani
575 1494 870 1534 Institutionum
895 1501 1043 1547 partem
1061 1499 1274 1533 extremam
1294 1493 1562 1544 Digestorum-

136 1564 210 1603 que
240 1551 476 1603 principium
507 1553 560 1599 (u.
583 1551 723 1590 horum
747 1552 806 1590 ed.
830 1564 939 1591 meae
959 1553 1079 1603 praef.
1102 1564 1138 1602 p.
1160 1550 1403 1598 ΧΧΧΧΙΙΙΙ),
1436 1563 1455 1589 a
1478 1549 1563 1601 glu-

135 1609 302 1648 tinatore
348 1608 504 1647 demum
550 1608 725 1647 adsutus.
791 1609 864 1648 hoc
909 1609 1067 1660 dempto
1113 1608 1387 1659 quaterniones
1423 1606 1563 1646 litteris

136 1665 329 1718 alphabeti
375 1665 516 1716 signati
561 1670 654 1704 sunt
698 1665 867 1717 exceptis
912 1665 1049 1718 primis
1089 1665 1260 1712 duobus,
1308 1664 1448 1716 quibus
1492 1662 1563 1703 soli

134 1722 282 1761 indices
315 1722 577 1769 continentur,
609 1734 697 1761 cum
730 1735 749 1761 a
783 1722 911 1762 medio
944 1722 1058 1762 tertio
1090 1724 1115 1761 f.
1144 1722 1197 1762 20
1230 1728 1359 1761 textus
1390 1720 1562 1773 incipiat.

136 1779 307 1831 capitum
340 1778 554 1818 collationis
586 1779 701 1818 index
722 1779 862 1829 legitur
883 1782 908 1818 f.
935 1779 1112 1825 17—19‚
1144 1779 1227 1831 ipsa
1249 1781 1274 1817 f.
1301 1775 1562 1818 150'—182'.

140 1837 239 1883 191;
262 1849 307 1875 ex
324 1836 449 1875 tribus
466 1835 643 1881 librariis,
663 1836 729 1887 qui
746 1836 952 1876 coniuncta
971 1848 1085 1888 opera
1104 1837 1288 1875 uolumen
1308 1835 1564 1886 scripserunt,

135 1893 169 1932 is
201 1906 221 1932 a
245 1906 322 1944 quo
345 1893 597 1932 Collationem
628 1893 818 1933 habemus
849 1894 942 1933 item
967 1893 1139 1933 exarauit
1160 1899 1357 1945 praeterea
1380 1903 1560 1943 magnam

136 1957 286 2003 partem
309 1950 549 2000 reliquorum
567 1949 918 1990 additamentorum
938 1952 982 1990 ad
1000 1951 1207 1996 Iulianum,
1230 1951 1277 1989 de
1299 1949 1441 2001 quibus
1463 1949 1563 1988 infra

137 2008 299 2047 dicetur.
376 2006 570 2058 margines
616 2007 780 2046 subinde
827 2009 986 2048 madore
1024 2007 1128 2047 exesi
1165 2015 1258 2047 sunt
1298 2013 1336 2046 et
1376 2005 1562 2057 corrupti.

136 2064 221 2117 ipse
265 2063 447 2103 librarius
493 2064 679 2115 quaedam
726 2065 967 2113 emendauit3
1018 2071 1291 2111 correctorem,
1338 2063 1413 2103 nisi
1459 2062 1562 2114 quod

137 2134 236 2161 saec.
273 2121 358 2160 XVI
394 2122 582 2172 quaedam
621 2121 814 2173 adscripta
855 2129 948 2161 sunt
986 2122 1152 2162 fortasse
1194 2135 1212 2161 a
1244 2121 1420 2168 pithoeo,
1466 2120 1564 2158 liber

136 2191 216 2218 non
254 2183 312 2217 est
347 2184 543 2229 expertus.
583 2201 628 2206 —-
659 2177 757 2218 Eum
795 2179 937 2218 librum
972 2179 1195 2218 Charondas
1227 2179 1332 2226 (uide
1362 2178 1478 2228 infra)
1511 2176 1567 2215 ait

138 2248 222 2275 esse
269 2234 535 2274 ‘bibliothecae
580 2234 858 2287 Dionysianae’,
914 2249 1011 2288 quae
1056 2249 1135 2275 non
1182 2241 1311 2288 potest
1356 2247 1441 2274 esse
1486 2233 1562 2272 nisi

138 2292 362 2331 monasterii
410 2292 447 2331 S.
487 2291 603 2331 Denis
632 2304 752 2344 prope
794 2292 979 2341 Parisios3
1026 2299 1160 2333 contra
1197 2293 1337 2332 Petrus
1375 2291 1562 2331 Pithoeus

139 2362 227 2389 cum
271 2349 405 2389 scribit
443 2348 483 2387 in
523 2361 632 2388 suam
671 2362 710 2388 se
742 2362 830 2389 eum
873 2351 1050 2390 intulisse
1083 2357 1141 2390 ‘ex
1179 2350 1452 2401 antiquissima
1491 2348 1564 2386 Se-

139 2418 357 2458 quanorum
404 2412 471 2445 aut
507 2405 805 2445 Mandubiorum
852 2407 1096 2455 bibliotheca,
1142 2407 1180 2446 in
1225 2420 1299 2458 qua
1337 2419 1406 2458 per
1443 2417 1565 2444 annos

140 2463 344 2514 octoginta'
360 2463 505 2514 (uoluit
527 2463 663 2515 opinor
681 2463 941 2516 octingentos)
960 2470 1011 2504 ‘et
1027 2464 1194 2516 amplius
1211 2462 1399 2509 latuerat'‚
1422 2473 1563 2513 quam-

139 2532 230 2559 nam
262 2520 459 2572 intellegat
489 2520 632 2568 nescio,
672 2532 744 2559 nec
773 2522 936 2561 fortasse
967 2521 1093 2561 uoluit
1122 2521 1302 2571 intellegi.
1371 2525 1460 2559 utut
1489 2524 1561 2565 est,

140 2589 172 2615 c.
195 2589 227 2616 a.
253 2577 389 2616 15701
420 2577 529 2616 uenit
564 2578 610 2616 ad
639 2576 844 2617 Pithoeum
876 2578 999 2626 illum,
1040 2578 1140 2631 apud
1174 2590 1290 2629 quem
1322 2576 1563 2627 heredesque

479 2653 761 2660 WWWAMQ
764 2654 771 2658 a

1056 2653 1175 2660 «ωωφΛκ»
1178 2653 1207 2659 Α,
1210 2651 1562 2659 ,ΛΜΝΜΜψυψ-φψμψ

233 2686 259 2729 1)
282 2686 317 2719 111
344 2687 500 2730 epistulis
527 2687 657 2720 Cuiacii
686 2688 725 2719 ad
752 2687 928 2720 Pithoeum
966 2689 1114 2721 seruatis
1152 2689 1182 2720 iu
1211 2687 1281 2720 cod.
1308 2686 1417 2719 Paris.
1443 2687 1562 2730 Dupuy

143 2732 207 2764 700
238 2734 408 2775 (excerpta
435 2734 512 2765 inde
538 2743 555 2765 a
582 2733 753 2776 Savignyo
780 2739 909 2776 sumpta
936 2734 1042 2766 edidit
1068 2734 1213 2766 Blumius
1243 2731 1347 2776 praef.
1379 2743 1408 2775 p.
1427 2732 1483 2773 vl,
1508 2742 1563 2764 re-
