1823 3016
75 271 148 315 5‚4

654 119 771 123 —
835 95 918 136 209
982 119 1099 123 —
1263 103 1445 130 coxsvm.
1467 94 1496 135 5,
1518 105 1596 132 3—7.

169 212 384 264 neglegere,
417 218 482 251 aut
521 212 743 252 satisfacere
781 212 929 263 legibus
971 212 1138 251 fortasse
1170 211 1405 262 nequiuerit,
1438 225 1592 252 causam

169 269 306 321 perdat
336 268 552 307 secundum
587 269 689 320 leges
721 269 855 308 subter
887 269 1067 307 adnexas.
1129 268 1280 315 Quibus
1325 268 1448 306 modis
1481 282 1594 308 031153

168 326 311 378 petitor
342 325 464 371 cadat,
496 326 599 376 leges
630 326 695 364 lib.
727 326 743 364 1
775 326 881 365 Paul.
913 331 1078 364 sentent.
1111 325 1169 364 tit.
1209 325 1255 363 de
1297 337 1341 362 eo
1383 324 1450 375 qui
1481 338 1593 364 causa

168 382 270 421 cadit
300 381 372 420 ita:

282 437 404 477 Causa
451 438 625 477 cadimus
671 444 738 477 ant
780 439 863 477 loco
901 444 969 477 aut
1008 450 1162 477 summa
1201 443 1268 476 aut
1315 442 1490 488 tempore
1528 445 1595 476 aut

168 495 362 547 qualitate.
431 495 515 534 loco
562 495 670 533 alibi:
718 507 872 534 summa
918 495 958 533 in
1005 494 1236 546 repetendo:
1284 499 1460 545 tempore
1505 500 1594 533 ante

168 552 356 604 petendo:
391 552 576 602 qualitate
608 551 781 590 eiusdem
815 552 871 590 rei
903 552 1071 603 speciem
1106 551 1304 590 meliorem
1340 551 1593 601 postulantes.

226 608 323 646 Item
356 608 420 646 lib.
458 608 473 646 1
505 608 614 647 Pauli
653 614 821 647 sentent.
862 609 934 647 sub
973 608 1084 647 titulo
1117 607 1148 646 si
1180 606 1375 646 hereditas
1408 607 1470 646 uel
1501 607 1594 658 quid

169 664 270 704 3111111
302 670 477 716 petatur:

284 721 486 760 Hereditas
524 733 593 773 pro
626 733 667 760 ea
699 726 807 772 parte
839 720 918 772 peti
950 721 1075 767 debet,
1114 733 1183 772 pro
1216 732 1290 771 qua
1322 721 1369 759 ad
1400 732 1472 759 nos
1505 733 1595 772 per-

170 778 284 816 tinet:
324 778 495 828 alioquin
526 778 614 829 plus
653 777 809 829 petendi
847 777 1064 829 periculum
1097 777 1337 816 incurrimus
1370 783 1408 816 et
1439 789 1594 816 cansam

168 835 382 886 perdimus.

226 891 281 930 Ex
328 903 490 942 corpore
527 890 830 941 Hermogeniani
876 891 933 929 tit.
981 890 1026 929 de
1073 889 1385 930 calumniatorib.
1433 896 1471 929 et
1507 890 1594 942 plus

340 947 527 999 petendo:

281 1003 405 1055 Impp.
445 1002 707 1041 Diocletianus
749 1008 787 1041 et
825 1002 1082 1041 Maximianus
1124 1003 1199 1041 AA.
1240 1002 1397 1041 Aurelio
1437 1003 1593 1042 Dextro.

168 1060 288 1110 (inter
318 1066 444 1099 cetera
476 1064 513 1097 et
544 1058 589 1097 ad
621 1058 789 1108 locumz)
828 1058 868 1097 Si
901 1065 1006 1097 tutor
1038 1059 1100 1098 uel
1131 1065 1288 1097 curator
1319 1059 1405 1109 plus
1428 1059 1595 1111 petierit,

167 1129 282 1155 causa
324 1116 436 1155 cadit.
497 1114 600 1165 quod
646 1127 735 1153 011111
778 1116 923 1154 factum
962 1127 1047 1154 esse
1085 1115 1201 1161 dicas,
1240 1115 1385 1153 frustra
1426 1129 1445 1154 a
1483 1115 1595 1155 nobis

166 1172 384 1211 remedium
418 1171 585 1222 quaeris,
618 1171 706 1222 quia
740 1176 776 1209 te
808 1171 907 1210 ratio
938 1171 1033 1210 iuris
1065 1172 1281 1223 impugnat.
1336 1171 1411 1210 ΡΡ.
1443 1172 1513 1210 IIlI
1544 1173 1594 1211 id.

167 1228 346 1268 Decemb.
380 1227 605 1266 Nicomedia
638 1228 863 1267 Constantio
895 1234 934 1266 et
965 1227 1132 1267 Maximo
1165 1239 1293 1267 conss.

224 1285 319 1324 Item
353 1285 489 1324 eodem
524 1297 685 1335 corpore
717 1290 755 1322 et
786 1287 862 1323 tia:

278 1342 399 1381 Iidem
425 1342 500 1380 AA.
524 1347 562 1379 et
585 1341 654 1380 CC.
679 1341 837 1380 Claudio
859 1340 1085 1380 Menandro.
1130 1340 1466 1391 Quotiescumque
1489 1342 1594 1380 ordi-

165 1398 264 1437 natis
312 1397 530 1437 actionibus
561 1397 705 1448 aliquid
737 1398 895 1449 petitur,
928 1398 1015 1436 ideo
1037 1398 1181 1449 petitor
1204 1397 1355 1448 cogitur
1377 1398 1595 1449 specialiter

166 1467 287 1506 genus
309 1455 388 1494 litis
409 1455 536 1500 edere,
557 1467 606 1492 110
629 1454 715 1506 plus
738 1454 866 1493 debito
889 1461 1017 1493 anteo
1036 1455 1140 1505 quod
1158 1454 1346 1505 competit
1361 1455 1594 1506 postuletur.

166 1511 248 1551 siue
289 1511 420 1562 itaque
458 1511 806 1550 fideicommissum
840 1511 924 1550 siue
956 1512 1101 1550 fundus
1134 1511 1217 1550 siue
1248 1523 1338 1561 pars
1370 1512 1479 1550 fundi
1511 1512 1594 1550 siue

164 1568 303 1607 domus
336 1569 419 1607 siue
450 1581 540 1620 pars
564 1568 704 1607 domus
737 1568 819 1607 siue
842 1568 1016 1606 debitum
1040 1574 1106 1607 aut
1127 1568 1405 1619 quodcumque
1427 1574 1592 1619 petatur,

163 1625 381 1676 specialiter
412 1625 605 1676 designari
639 1625 755 1663 debet
776 1624 975 1676 petitionis
1008 1637 1163 1664 summa
1186 1625 1249 1663 1101
1271 1625 1479 1674 quantitas,
1503 1637 1593 1663 cum

164 1693 283 1732 genus
315 1682 392 1720 litis
423 1682 564 1720 editur.
626 1681 657 1720 si
695 1681 782 1732 quis
823 1681 942 1732 igitur
982 1681 1070 1732 plus
1110 1695 1154 1720 eo
1192 1680 1296 1733 quod
1336 1681 1369 1719 ei
1408 1681 1595 1732 competit

164 1738 225 1777 uel
257 1738 420 1777 debetur
460 1737 635 1790 petierit,
677 1750 759 1776 rem
805 1745 843 1777 et
883 1751 1041 1777 causam
1083 1739 1130 1777 de
1172 1752 1246 1790 qua
1294 1738 1421 1789 agitur
1452 1738 1592 1789 perdit.

162 1795 249 1846 plus
295 1795 399 1834 enim
446 1795 604 1846 petitur,
658 1795 760 1833 sicut
814 1795 1013 1846 responsis
1064 1796 1306 1846 prudentum
1355 1795 1591 1841 continetur,

162 1864 317 1890 summa
360 1852 444 1890 loco
485 1857 659 1902 tempore
691 1863 805 1890 cansa
838 1852 1021 1902 qualitate
1053 1852 1334 1891 aestimatione.
1396 1851 1499 1890 unde
1531 1852 1592 1890 in-

163 1914 337 1948 structus
369 1908 482 1947 istius
513 1908 595 1958 lege
626 1908 804 1960 rescripti
836 1909 970 1960 excipe
1002 1908 1269 1948 aduersarium
1299 1908 1401 1960 apud
1423 1908 1592 1947 iudicem

162 1970 461 2016 competentem.
522 1977 638 2015 quem
680 1965 712 2003 si
748 1965 863 2004 iudex
906 1965 994 2016 plus
1037 1966 1194 2016 petiisse
1225 1964 1478 2017 perspexerit,
1525 1977 1593 2003 ex-

163 2021 294 2061 tinctis
327 2021 540 2060 aduersarii
573 2021 629 2060 tui
660 2021 915 2072 petitionibus
948 2034 1018 2073 pro
1051 2023 1227 2074 partibus
1258 2022 1335 2062 tuis
1358 2022 1591 2061 sententiam

254 2147 280 2167 0.
309 2136 337 2176 5,
365 2136 446 2167 4=
466 2136 561 2168 Paul.
591 2136 620 2177 1,
649 2136 700 2168 10.

253 2192 280 2213 0.
309 2183 338 2222 5,
366 2183 445 2212 5--
464 2180 558 2213 Paul.
591 2183 619 2221 1,
648 2181 727 2221 13b,
755 2183 784 2213 5.

203 2271 360 2278 xuvxssmrm
366 2272 453 2278 ›J‹<.—„—
471 2272 673 2278 :ssxsnxxsssoz
682 2271 1467 2279 α.>ωΜ-“κ·«“.>Λ-.νΜνκΜν]1-ΙῪ“Ν.ᾹΝ’Μγνψ-,Γιγ»Ιγ-γ»,>γ>(>μν»νγ”
1473 2273 1484 2279 Ι
1489 2273 1501 2279 f
1505 2273 1517 2279 .›
1522 2272 1575 2279 xsx.
1580 2273 1590 2278 ν.

256 2334 269 2364 1
299 2331 492 2372 neglegere]
521 2331 699 2371 neglegere
722 2340 823 2362 ausus
842 2329 948 2363 fuerit
965 2330 1166 2365 Mommsen.
1199 2330 1209 2373 ΙΙ
1244 2331 1262 2362 3
1289 2331 1379 2362 cadit
1401 2331 1473 2363 Cui.
1497 2330 1592 2362 1586.

165 2374 175 2418 ΙΙ
206 2376 225 2407 6
252 2377 285 2408 111
313 2376 361 2415 (in
388 2386 453 2408 om.
477 2377 549 2409 Cui.
573 2376 672 2416 1586)
698 2376 880 2418 repetendo
907 2381 930 2408 t.
950 2387 977 2408 3.
1000 2378 1156 2419 petendo]
1182 2378 1256 2419 plus
1276 2381 1428 2418 tempore
1448 2376 1591 2416 petendo

159 2425 236 2453 ante
254 2426 385 2464 tempus
404 2421 502 2453 Paul.
534 2421 545 2463 Η
577 2422 593 2452 7
620 2421 830 2463 postulantes
850 2421 920 2453 Cui.
941 2422 1027 2455 1586
1045 2422 1158 2461 Paul„
1178 2422 1376 2464 postulando
1399 2421 1470 2453 Cui.
1493 2421 1591 2452 1577.

161 2466 172 2508 l}
216 2467 255 2498 19
283 2467 489 2499 nicomediae
520 2468 591 2499 Cat.
620 2466 715 2498 1564.
759 2466 769 2508 [Ι
811 2467 1011 2499 maximiano
1038 2478 1102 2500 scr.
1145 2466 1156 2509 ll
1191 2468 1232 2498 20
1260 2467 1341 2498 item
1368 2477 1395 2498 0.
1424 2477 1450 2498 0.
1479 2471 1512 2497 et
1536 2467 1591 2498 tit.

161 2512 260 2543 iidem
285 2523 335 2544 aa.
362 2512 523 2553 Huschke,
550 2513 635 2544 idem
663 2523 689 2543 e.
718 2522 743 2543 0.
772 2516 805 2543 et
831 2512 951 2544 iisdem
972 2512 1044 2544 Cal.
1084 2512 1094 2555 1]
1126 2513 1164 2545 21
1193 2513 1369 2544 minandro
1401 2511 1473 2543 Cui.
1493 2511 1591 2543 1564.

165 2555 175 2598 Η
207 2557 248 2588 23
276 2557 389 2590 debito
417 2559 484 2598 aut]
511 2559 550 2590 ab
578 2557 649 2589 Cui.
680 2557 776 2588 1564.
818 2556 829 2599 ΙΙ
871 2558 913 2589 24
939 2558 1012 2589 siue
1038 2559 1150 2601 itaque
1178 2583 1183 2590 .
1211 2581 1218 2588 .
1249 2582 1255 2589 .
1283 2557 1325 2588 30
1351 2557 1593 2589 aestimatione

161 2611 223 2634 om.
251 2602 323 2634 Cui.
346 2603 441 2635 1564.
484 2602 493 2644 Η
537 2604 577 2634 27
613 2603 720 2644 igitur
750 2602 820 2634 Cui.
849 2603 945 2635 1566.
976 2604 1072 2645 1577,
1110 2604 1223 2645 itaque
1259 2602 1328 2634 Cui.
1359 2602 1455 2634 1586.
1497 2603 1592 2641 {11eo

162 2646 348 2690 Schultc'ng,
374 2649 412 2680 ab
439 2659 478 2681 eo
499 2648 569 2681 Cui.
614 2647 624 2691 Η
666 2647 854 2680 instructus
883 2647 955 2680 Cui.
986 2649 1082 2691 1586,
1109 2659 1174 2680 om.
1203 2647 1273 2679 Cat,
1305 2648 1400 2679 1566.
1429 2648 1528 2679 1577.

233 2703 378 2730 Collectio
391 2703 444 2729 111.
1333 2706 1376 2738 14

1626 724 1668 757 10

1627 1008 1667 1041 15

1614 1237 1637 1255 a.
1659 1230 1709 1255 294

1622 1286 1666 1319 ⁸20

1621 1569 1665 1603 25
