1855 2957
185 248 313 286 neque
354 234 516 273 omnino
548 238 593 272 ut
624 233 720 272 fines
752 236 902 282 regeret
933 230 1102 269 maxime
1133 230 1173 268 in
1205 229 1300 268 10015
1332 229 1479 268 mutilis
1510 230 1612 268 inter

187 293 459 344 supplementa
492 289 705 342 probabilia
737 295 775 328 et
806 287 950 327 lusoria
981 287 1257 326 additamenta.
1310 292 1413 325 certe
1435 286 1539 336 quod
1562 286 1611 324 ait

186 349 259 389 sibi
291 348 524 388 successisse
558 348 693 398 (praef.
717 359 754 397 p.
778 346 890 395 717),
921 349 964 383 ut
993 344 1035 382 in
1066 343 1216 395 paginis
1248 343 1361 382 tertia
1393 343 1473 381 sola
1505 349 1613 393 parte

185 405 381 445 destitutis
415 404 560 443 ‘nullus
592 404 760 455 amplius
790 403 920 441 hiatus
952 406 1125 440 mentem
1156 400 1221 439 uel
1259 400 1394 438 oculos
1432 399 1613 438 offendat⁷

185 469 224 502 et
264 463 305 501 in
336 462 382 500 iis
415 474 582 512 quarum
614 461 713 499 duae
744 465 874 511 partes
904 458 1107 509 perierunt
1139 471 1185 496 ex
1216 457 1408 508 capitibus
1448 469 1614 495 numero

187 519 341 558 LXVIII
363 518 543 558 undecim
567 518 647 556 sola
669 517 881 568 reliquerit,
915 519 1025 566 ‘quae
1048 514 1233 554 doctioris
1255 514 1315 552 uel
1340 513 1613 564 ingeniosioris

186 589 301 628 opem
333 576 563 627 expectent',
595 575 726 626 ipsum
760 573 904 613 sufficit
934 572 1119 624 prudenti
1141 572 1189 610 ad
1211 583 1369 622 operam
1391 571 1438 609 ab
1460 570 1615 609 Husch—

184 634 250 672 kio
276 633 370 672 huic
390 633 490 671 libro
512 639 694 671 nauatam
717 632 818 670 iuste
840 629 1134 669 aestimandam.
1178 630 1325 667 factum
1348 634 1406 667 est
1426 640 1496 679 per
1517 640 1615 673 eam,

189 696 230 729 ut
275 691 442 729 leuiores
494 689 778 740 supplementis
830 686 1092 726 Huschkianis
1141 685 1289 737 passim
1330 685 1616 736 deciperentur,

186 747 473 799 prudentiores,
519 747 623 785 inter
667 758 766 796 quos
808 745 970 783 nomino
1015 743 1369 795 prudentissimum
1400 741 1617 783 Lenelium,

185 805 385 844 interdum
432 804 548 843 etiam
593 816 615 842 a
659 802 926 854 probabilibus
967 801 1140 840 inuentis
1171 799 1414 839 abstinerent
1445 798 1619 838 deterriti

187 862 350 901 huiusce
370 860 625 911 recognitoris
658 859 718 898 sui
749 859 890 897 fiducia
916 858 1126 897 incuriosa.
1177 858 1255 896 iam
1277 869 1346 907 ego
1368 856 1620 896 Huschkiana

187 919 438 958 adnotatione
468 917 672 966 diligenter
702 916 937 966 perlustrata
968 915 1154 965 pleraque
1182 914 1322 953 tacitus
1344 914 1470 959 reieci,
1504 912 1619 962 selegi

188 988 287 1026 quae
318 987 411 1013 uera
443 986 527 1012 esse
558 973 788 1011 uiderentur
819 972 883 1010 uel
914 977 1018 1010 certe
1050 971 1276 1022 probabilia.
1338 971 1405 1010 sed
1436 970 1489 1009 ibi
1520 982 1620 1020 quo-

187 1045 275 1082 que,
317 1031 384 1070 ubi
421 1043 505 1069 rem
536 1035 642 1068 recte
672 1029 876 1075 intellexit,
914 1034 1020 1067 tanta
1053 1028 1217 1067 infantia
1248 1028 1416 1067 uetustis
1446 1026 1621 1077 reliquiis

187 1101 256 1127 sua
288 1087 610 1133 accommodauit,
644 1092 688 1125 ut
719 1086 786 1125 uhi
823 1086 864 1124 in
895 1086 979 1137 ipsa
1009 1098 1051 1124 re
1083 1098 1172 1124 eum
1206 1085 1316 1136 sequi
1348 1084 1470 1136 potui,
1504 1083 1622 1122 uerba

187 1145 317 1184 ubiuis
349 1146 429 1183 fere
460 1143 648 1183 mutanda
680 1144 848 1182 esse11t¹.

281 1269 306 1309 1)
333 1268 369 1301 Id
394 1279 435 1300 ne
462 1269 536 1311 quis
563 1279 623 1311 pro
650 1269 762 1311 iniqua
788 1267 1039 1299 obtrectatione
1065 1267 1199 1309 habeat,
1225 1266 1394 1309 adscripsi
1420 1266 1531 1309 capita
1558 1266 1622 1297 duo

188 1316 228 1348 ab
261 1315 335 1358 ipso
363 1315 488 1357 optime
513 1315 708 1355 intellecta,
747 1314 891 1356 pessime
924 1313 1098 1345 restituta.
1147 1324 1175 1344 c.
1203 1313 1268 1344 249
1301 1317 1391 1344 extr.
1417 1313 1462 1354 (p.
1484 1312 1548 1344 734
1563 1314 1622 1348 5.);

228 1387 234 1394 .
262 1372 301 1393 ea
327 1361 490 1392 alienatio
506 1363 584 1392 rata
600 1361 792 1401 habebitur,
819 1369 902 1401 qaae
918 1358 1051 1402 publice
1067 1359 1166 1401 facta
1183 1361 1244 1399 est,
1270 1358 1475 1400 reliquorum
1494 1358 1625 1389 reiecta

187 1407 244 1438 uel
269 1409 422 1449 suspecta
447 1405 597 1438 habenda
621 1405 831 1449 allegatione,
860 1405 931 1437 licet
955 1404 1156 1436 contendant
1179 1404 1351 1436 uniuersis
1370 1404 1506 1444 studiis,
1531 1408 1625 1435 recte

189 1455 318 1496 recepto
354 1454 427 1484 iare
463 1452 529 1483 sibi
564 1451 725 1484 donatum
749 1462 822 1483 esse
846 1452 1017 1493 sopitoque
1040 1449 1125 1492 Iegis
1156 1450 1290 1482 Cinciae
1314 1450 1401 1491 iure,
1442 1449 1528 1491 quod
1554 1449 1626 1490 qui-

189 1498 316 1540 busque
347 1498 449 1529 rebus
482 1498 620 1529 donatis
649 1508 751 1529 suam
780 1497 1027 1540 perfectionem
1053 1496 1317 1539 praescribebat.
1365 1505 1487 1527 aeram
1508 1496 1626 1538 postea

190 1543 402 1586 perfectione
428 1542 585 1574 facienda
611 1543 707 1575 nulla
733 1544 805 1574 nisi
826 1541 1008 1574 secandam
1032 1544 1165 1573 nostrae
1189 1540 1275 1584 legis
1300 1543 1493 1584 praecepta,
1522 1542 1626 1572 etiam

191 1589 370 1622 uerborum
399 1588 519 1620 deinde
545 1598 620 1620 esse
647 1589 821 1630 quicquam
847 1590 1018 1627 necamus,
1050 1587 1138 1628 qaod
1161 1587 1361 1619 donationes
1388 1586 1500 1618 ualeat
1522 1586 1623 1629 perfi-

191 1645 284 1674 cere,
317 1645 394 1666 cam
426 1635 503 1676 ipsa
533 1634 607 1675 lege
641 1639 844 1666 commutata
876 1634 983 1665 uerba
1007 1643 1133 1675 qaoque
1157 1632 1344 1665 secandam
1368 1642 1444 1664 eam
1468 1634 1625 1675 concepta

191 1680 358 1712 uz'lescaut
387 1681 420 1711 in
446 1679 684 1712 donationibus
708 1682 785 1722 post
810 1678 988 1717 faciendis,
1015 1689 1123 1721 neque
1150 1679 1254 1710 ullam
1279 1680 1546 1711 controuersiam
1571 1676 1628 1709 do-

191 1727 386 1758 nationibus
415 1726 487 1756 iam
511 1726 621 1767 factis
645 1725 803 1757 uolumus
829 1726 990 1764 conflare,
1022 1735 1094 1756 cum
1120 1723 1246 1756 futuris
1272 1725 1326 1756 ius
1352 1734 1411 1766 per
1436 1724 1521 1755 hanc
1546 1733 1627 1754 con-

191 1770 419 1803 sultissimam
446 1769 553 1813 legem
575 1782 756 1814 ponamus,
783 1782 875 1812 quae,
902 1775 940 1801 ut
965 1781 1080 1802 omnes
1101 1773 1306 1811 cognoscant
1322 1773 1424 1812 atque
1440 1770 1628 1807 obseruent,

192 1816 280 1859 quod
303 1819 499 1854 statuimus,
529 1816 636 1849 edicto
657 1815 893 1860 promulganti
923 1821 981 1847 tuo
1008 1816 1228 1858 praeferenda
1257 1820 1318 1848 est.
1369 1815 1439 1846 ΡΡ.
1465 1815 1526 1847 III.
1554 1824 1628 1846 non.

192 1861 269 1895 Feb.
304 1862 430 1894 Seuero
462 1865 495 1894 et
525 1861 649 1902 Rufino
682 1873 790 1894 conss.
822 1862 855 1893 in
889 1861 962 1893 foro
997 1862 1067 1893 diui
1104 1860 1255 1894 Traiani.
1305 1873 1332 1893 c.
1360 1861 1426 1893 287
1460 1862 1505 1903 (p.
1533 1858 1627 1901 793)

193 1909 436 1941 Constantinus
462 1914 496 1940 et
527 1909 631 1940 Caes-s
635 1933 780 1940 .....
817 1906 929 1940 Semel
957 1908 1111 1950 perfecte
1140 1907 1268 1939 donata
1298 1908 1456 1939 reuocari
1487 1918 1548 1938 nec
1580 1917 1631 1947 ea,

194 1964 278 1996 quae
310 1959 435 1986 matres
467 1954 501 1985 in
532 1954 622 1986 filios
648 1953 886 1993 contulerant,
917 1956 984 1985 etsi
1008 1956 1038 1985 ii
1057 1964 1184 1996 param
1207 1955 1305 1995 grati
1328 1955 1416 1994 sint,
1450 1955 1527 1984 iura
1553 1962 1631 1991 per-

192 2001 344 2032 mittunt.
394 2009 475 2031 saue
501 2000 530 2031 si
555 2001 768 2040 generaliter
792 2011 846 2031 res
869 2002 949 2031 tuas
973 1999 1108 2031 donasti
1131 2001 1161 2031 et
1188 2002 1324 2031 tantam
1342 2001 1376 2030 in
1395 2001 1470 2031 iare
1485 1999 1632 2030 cessione

193 2046 250 2077 uel
287 2045 538 2086 mancipatione
570 2046 677 2078 totius
709 2047 911 2088 patrimonii
938 2056 978 2077 ea
1008 2045 1153 2088 donatio,
1191 2047 1229 2077 ut
1257 2045 1425 2088 perlzz‘beS,
1463 2045 1630 2076 celebrata

195 2097 260 2134 est,
291 2091 338 2131 id,
376 2091 460 2133 quod
493 2091 651 2123 donatum
685 2097 745 2130 est,
778 2096 870 2123 stare
903 2102 967 2122 non
990 2094 1118 2135 potest,
1150 2101 1223 2123 cam
1250 2092 1310 2122 lzoc
1332 2090 1430 2122 modo
1455 2092 1630 2132 quicquam

195 2139 231 2168 in
261 2137 412 2170 alterum
441 2136 627 2169 transferri
658 2148 723 2168 non
749 2137 875 2169 ualeat.
924 2147 989 2179 qua
1014 2139 1143 2169 ratione
1167 2148 1211 2169 an
1237 2136 1409 2169 aduersas
1441 2137 1531 2180 filios
1555 2138 1632 2167 taos

195 2184 259 2215 tibi
298 2182 429 2215 consuli
467 2184 593 2225 possit,
640 2187 808 2215 rectorem
844 2184 1040 2225 prouinciae
1078 2183 1296 2225 interpellare
1330 2192 1397 2214 non
1430 2182 1631 2225 prohiberis.

195 2229 258 2261 PP
259 2253 406 2261 .....
440 2228 572 2260 Licinio
602 2229 629 2260 V
656 2234 689 2260 et
723 2229 841 2270 Crispo
867 2239 975 2260 conss.
1000 2247 1045 2251 —-
1073 2228 1237 2260 Poterant
1262 2229 1340 2260 addi
1367 2228 1524 2260 consules
1551 2226 1633 2259 Per-

196 2274 294 2306 tinax
322 2279 356 2306 et
375 2274 540 2306 Aelianus
566 2285 593 2305 c.
612 2274 679 2306 204
704 2274 807 2306 relati
832 2275 871 2305 ad
898 2285 1018 2306 annum
1040 2274 1101 2307 163
1130 2285 1203 2306 cum
1219 2275 1352 2315 Angelo
1372 2274 1462 2306 Maio
1494 2279 1632 2316 propter

198 2321 273 2352 eius
291 2320 372 2351 anni
391 2320 562 2351 consulem
581 2320 794 2360 Laelianum,
815 2331 910 2362 quem
929 2330 1079 2352 errorem
1098 2331 1117 2352 a
1136 2321 1320 2360 Borghesio
1342 2320 1422 2352 olim
1443 2324 1632 2351 correctum

197 2371 231 2397 et
258 2366 292 2398 in
320 2376 395 2397 mea
421 2365 570 2398 editione
597 2366 807 2397 emendatum
833 2366 1024 2398 Huschkius
1051 2366 1158 2398 nihilo
1184 2367 1295 2397 minus
1321 2375 1443 2398 secure
1472 2365 1632 2405 retinuit3

199 2413 281 2444 ordo
308 2415 467 2453 equester
494 2411 708 2453 municipalis
736 2412 766 2442 in
781 2412 1000 2443 adnotatione
1018 2413 1059 2444 ad
1078 2424 1106 2443 c.
1130 2412 1191 2445 187
1206 2412 1324 2443 multis
1342 2411 1457 2443 uerbis
1476 2410 1632 2442 defensus

197 2457 362 2489 adhibitis
397 2457 511 2489 titulis
537 2457 665 2489 duobus
692 2456 813 2495 (Orell.
840 2457 928 2489 3713
946 2473 991 2483 =
1010 2458 1044 2490 C.
1070 2457 1094 2489 Ι.
1120 2457 1158 2490 L.
1186 2457 1241 2497 Vl,
1270 2457 1394 2489 1515*.
1442 2456 1500 2493 ΧῙ,
1530 2456 1633 2495 2594)

198 2503 335 2535 ficticiis
353 2503 410 2535 uel
433 2503 672 2546 interpolatis,
698 2502 963 2535 harundinetam
982 2504 1055 2545 [qao
1071 2503 1110 2536 de
1123 2514 1246 2547 genere
1261 2503 1525 2547 paterfamilias
1541 2502 1631 2542 sues]

197 2547 308 2580 alebat
326 2560 355 2581 c.
370 2550 412 2581 70
433 2554 613 2591 propterea
634 2549 718 2591 quod
737 2550 822 2590 apud
839 2549 1060 2581 Columellam
1081 2550 1112 2588 7,
1127 2552 1158 2589 9,
1173 2550 1190 2581 7
1211 2560 1289 2581 sues
1309 2550 1467 2580 dicuntur
1484 2548 1633 2580 libenter

198 2604 320 2626 eruere
349 2594 526 2627 radiculas
555 2593 715 2637 aquatilis
739 2593 863 2635 siluae,
899 2597 1075 2637 tamquam
1099 2596 1205 2638 scirpi
1226 2596 1383 2637 ‘iuncique
1406 2597 1437 2626 et
1459 2593 1635 2636 degeneris

198 2639 412 2681 harundinis,
450 2651 544 2682 quem
573 2645 685 2672 tamen
710 2641 909 2672 harundinis
934 2652 1029 2673 usum
1055 2642 1171 2681 grauis
1197 2646 1316 2673 auctor
1341 2640 1435 2673 addit
1460 2640 1633 2672 Orientem

199 2686 376 2726 ignorare3
403 2686 472 2718 alia
496 2687 615 2727 multa,
640 2696 722 2729 quae
749 2687 890 2718 silentio
910 2688 1160 2729 praetermitto.
1516 2691 1529 2725 l
