1823 3016
300 588 485 628 Codicum
516 587 740 639 Gregoriani
771 594 809 627 et
832 587 1132 638 Hermogeniani
1163 588 1339 640 ipsorum
1375 588 1610 639 exemplaria

184 657 274 684 cum
322 645 527 696 perierint,
575 645 607 683 si
645 657 687 684 ea
725 657 823 696 quae
859 644 899 683 in
938 645 1196 683 Iustinianum
1238 644 1417 684 Codicem
1457 651 1610 696 recepta

186 708 278 740 sunt
299 701 479 753 excipias,
509 701 623 740 hodie
653 702 887 753 paucissima
917 704 1132 752 fragmenta
1156 708 1381 753 supersunt,
1414 714 1511 752 quae
1535 701 1612 740 Lex

184 758 358 797 Romana
382 758 689 809 Wisigothorum
709 758 870 809 eiusque
891 757 1146 809 Appendices,
1179 758 1358 797 Vaticana
1380 758 1611 808 fragmenta,

184 814 370 862 Collatio‚
404 814 645 854 Consultatio
689 821 917 854 seruarunt:
949 821 1147 866 praeterea
1189 815 1228 853 in
1268 815 1467 854 nonnullis
1499 815 1612 865 Legis

183 871 381 910 Romanae
433 871 739 922 wisigothorum
793 877 831 910 et
881 871 1031 910 Codicis
1077 872 1282 910 Iustiniani
1331 872 1440 910 libris
1493 884 1612 910 manu

183 928 340 979 scriptis
371 928 554 979 leguntur
588 941 732 980 paucae
764 928 1066 967 constitutiones
1098 928 1283 967 Codicum
1318 927 1543 978 Gregoriani
1576 934 1614 966 et

184 984 499 1036 Hermogeniani,
532 997 630 1035 quae
662 997 741 1023 non
764 985 809 1023 ad
832 984 961 1036 ipsum
986 985 1126 1023 horum
1152 997 1359 1036 corporum
1385 991 1610 1024 contextum

184 1041 404 1092 pertinent,
436 1042 503 1080 sed
535 1041 788 1080 additamenti
826 1041 910 1080 loco
954 1048 1086 1092 postea
1124 1042 1294 1080 adiectae
1332 1048 1444 1080 sunt:
1492 1054 1610 1080 unam

182 1098 351 1149 denique
374 1098 696 1137 constitutionem
719 1097 925 1148 exscripsit
941 1098 1184 1148 Augustinus
1207 1098 1262 1149 (p.
1281 1098 1380 1148 240)
1403 1099 1613 1137 nonnulla-

182 1167 351 1205 rumque
382 1161 611 1205 argumenta
642 1154 851 1193 laudantur
880 1154 919 1192 in
950 1154 1050 1205 Lege
1072 1154 1247 1193 Romana
1272 1155 1611 1205 Burgundionum,

182 1211 222 1250 in
256 1210 413 1250 scholiis
437 1211 633 1250 Sinaiticis
666 1211 783 1261 (infra
806 1224 843 1262 p.
869 1210 951 1250 269
974 1211 1077 1262 sqq.)
1109 1218 1147 1250 et
1178 1211 1217 1250 in
1240 1211 1433 1250 Thalelaei
1455 1212 1613 1251 scholiis

181 1268 230 1307 ad
261 1267 520 1307 Iustinianum
554 1267 734 1307 Codicem
765 1267 1009 1319 conscriptis.

299 1324 403 1363 Haec
432 1326 650 1375 fragmenta
681 1337 701 1363 a
734 1324 931 1376 prioribus
969 1324 1183 1363 editoribus
1222 1324 1262 1363 in
1302 1337 1425 1364 unum
1470 1338 1612 1376 corpus

182 1381 342 1420 collecta
374 1388 413 1420 et
443 1388 548 1420 certo
582 1381 716 1420 ordine
749 1381 935 1432 disposita
968 1387 1078 1420 sunt:
1111 1394 1200 1420 cum
1242 1388 1372 1420 tamen
1415 1394 1542 1433 neque
1577 1382 1615 1420 hi

185 1437 261 1477 uiri
298 1438 402 1477 docti
433 1438 479 1476 de
511 1438 647 1477 ordine
678 1437 921 1476 restituendo
952 1438 1055 1476 inter
1101 1451 1141 1476 se
1174 1439 1444 1477 consenserint
1487 1451 1613 1490 neque

185 1494 282 1534 mihi
314 1507 356 1533 ea
387 1494 427 1533 in
459 1507 501 1533 re
532 1507 621 1534 cum
670 1494 745 1540 eis,
777 1494 1006 1546 praesertim
1047 1507 1136 1533 curn
1171 1494 1354 1533 Haenelio
1395 1495 1614 1534 nouissimo

183 1551 332 1590 editore
363 1551 584 1598 conueniat⁷
617 1551 664 1590 ab
696 1551 767 1590 hac
797 1551 936 1590 edendi
967 1550 1117 1590 ratione
1148 1550 1199 1590 ita
1237 1551 1498 1590 recedendum
1539 1565 1615 1603 pu-

184 1608 277 1655 taui,
309 1614 354 1646 ut
383 1608 510 1659 primo
542 1608 626 1647 loco
657 1608 811 1647 ederem
852 1608 972 1646 solam
1015 1608 1211 1659 epitomen
1250 1608 1392 1646 horum
1427 1609 1612 1647 Codicum

183 1677 204 1704 a
237 1664 465 1716 Wisigothis
498 1666 727 1711 consectam,
760 1664 900 1703 deinde
922 1664 1099 1703 omnium
1128 1667 1438 1715 fragmentorum
1464 1665 1615 1704 tabulas

182 1721 231 1760 ad
262 1721 439 1773 ipsorum
471 1721 656 1761 Codicum
690 1721 817 1772 quoad
850 1721 933 1760 fieri
955 1721 1085 1773 potuit
1107 1721 1282 1760 ordinem
1307 1722 1482 1761 redactas
1506 1735 1616 1761 com-

184 1791 384 1830 ponerem.

301 1835 412 1881 Quod
446 1835 490 1873 ad
524 1834 636 1885 Legis
667 1834 866 1873 Romanae
897 1834 1207 1885 Wisigothorum
1240 1841 1465 1873 contextum
1500 1835 1617 1874 resti-

187 1892 376 1930 tuendum
411 1891 562 1934 attinet,
595 1891 732 1942 optimi
764 1892 817 1930 illi
849 1891 949 1937 libri,
982 1904 1150 1942 quorum
1176 1904 1246 1943 ope
1269 1891 1379 1930 Pauli
1402 1892 1616 1931 sententias

185 1948 444 1993 restituimus,
477 1947 517 1986 in
549 1948 621 1986 hac
651 1954 759 1999 parte
792 1948 988 1994 deficiunt,
1022 1948 1097 1986 nisi
1129 1949 1232 1998 quod
1264 1948 1303 1986 in
1327 1948 1457 1987 codice
1481 1949 1617 1987 Mona—

185 2004 294 2044 censi
324 2005 355 2043 D
387 2005 412 2043 2
449 2004 593 2043 saeculi
623 2007 702 2043 fere
725 2005 881 2056 septimi
903 2004 1148 2043 rubricarum
1174 2004 1359 2043 Codicum
1391 2006 1617 2056 Gregoriani

185 2068 224 2100 et
256 2061 558 2112 Hermogeniani
601 2060 717 2100 index
747 2062 860 2101 initio
904 2062 1024 2100 totius
1057 2061 1168 2112 Legis
1206 2068 1394 2113 superest.
1457 2062 1617 2101 adhibui

188 2117 308 2168 igitur
339 2118 501 2157 secundi
533 2117 681 2157 ordinis
717 2118 836 2157 libros
870 2119 1092 2158 Gothanum
1127 2118 1179 2157 84
1212 2118 1471 2157 Parisiensem
1506 2120 1616 2158 4404

187 2175 416 2214 Vaticanum
459 2187 538 2225 reg.
567 2174 673 2214 1128·
707 2175 859 2214 saeculo
897 2188 1003 2214 nono
1045 2175 1107 2214 uel
1149 2175 1300 2214 decimo
1347 2182 1534 2222 exaratos
1579 2182 1618 2215 et

186 2243 277 2270 cum
318 2232 359 2271 hi
399 2231 550 2270 codices
593 2231 633 2269 in
681 2232 878 2271 nonnullis
924 2232 1076 2271 mendis
1122 2232 1226 2271 inter
1272 2245 1312 2271 se
1358 2233 1616 2277 consentiant,

186 2288 361 2327 codicem
394 2288 713 2327 Aurelianensem
737 2288 818 2327 207
850 2289 896 2327 ab
919 2288 1103 2328 Haenelio
1126 2289 1307 2328 collatum
1332 2289 1371 2327 in
1395 2289 1615 2328 subsidium

188 2345 338 2384 uocaui.

458 2401 503 2440 M
524 2418 581 2434 =
611 2401 853 2440 Monacensis
885 2401 915 2440 D
948 2402 972 2440 2

462 2457 491 2496 G
520 2475 577 2491 =
607 2458 807 2497 Gothanus
840 2458 892 2497 84
925 2458 1085 2510 (desinit
1116 2459 1154 2497 in
1188 2472 1223 2510 p.
1257 2457 1351 2504 234,
1379 2459 1446 2508 15)

457 2515 491 2553 Ρ
521 2532 577 2548 =
608 2514 837 2554 Parisiensis
869 2516 979 2554 4404

464 2571 497 2609 V
522 2589 577 2605 =
608 2571 815 2611 Yatieanus
846 2584 925 2623 reg.
953 2571 1072 2611 1128.
