1823 3016
674 197 791 200 —
857 173 938 212 177
1001 195 1117 199 -—
1236 170 1604 211 ooLLAT1012,4-⁷.

53 292 175 336 12,4,1
243 291 349 330 Idem
381 302 522 328 mvnvs
552 290 651 329 libro
684 297 722 329 et
755 289 866 329 titulo
898 289 963 341 qui
997 300 1131 340 supra:

301 346 549 393 Incendiarii,
588 347 654 398 qui
685 347 779 399 quid
811 347 850 386 in
884 346 1025 398 oppido
1057 345 1267 397 praedandi
1299 357 1413 384 causa
1445 346 1602 393 faciunt,

188 404 296 444 facile
327 403 450 455 capite
481 404 712 455 puniuntur.

52 463 173 505 12‚⁵,1
244 473 425 499 vcpnmvs
456 461 553 500 libro
585 468 722 500 octauo
754 461 799 500 de
837 459 962 499 officio
994 458 1239 511 proconsulis
1279 458 1364 509 [sub
1402 458 1528 508 titulo]
1559 459 1605 497 de

356 517 553 568 naufragis
585 524 623 556 et
652 517 917 556 incendiariis:
1631 518 1649 551 5

299 574 550 613 Incendiariis
590 575 650 613 lex
689 574 845 626 quidem
888 572 1062 613 Cornelia
1099 585 1196 624 aqua
1234 578 1273 611 et
1308 571 1389 623 igni
1426 571 1606 610 interdici

185 629 314 675 iussit,
347 631 414 670 sed
445 643 485 669 re
509 631 613 670 uarie
635 639 729 670 sunt
759 630 898 683 puniti.
960 643 1049 669 nani
1072 630 1138 682 qui
1171 630 1257 669 data
1289 641 1404 681 opera
1436 628 1475 667 in
1508 628 1604 667 ciui-

188 693 263 726 tate
298 687 522 727 incendium
560 688 749 734 fecerunt,
782 688 814 727 si
846 687 1063 726 humillimo
1094 688 1178 726 loco
1210 692 1314 733 sunt,
1346 685 1480 724 hestiis
1512 685 1606 724 sub-

186 743 235 782 ici
273 745 416 792 solent,
454 745 486 783 si
525 745 564 783 in
602 745 729 796 aliquo
768 745 887 796 gradu
933 751 971 784 et
1001 744 1147 783 Romae
1190 743 1229 783 id
1261 745 1449 789 fecerunt,
1482 742 1605 794 capite

188 801 429 852 puniuntur:
468 808 534 841 aut
570 809 673 841 certe
702 831 869 842 ......
902 801 1103 840 adficiendi
1144 807 1237 840 sunt
1275 800 1341 851 qui
1371 800 1465 838 haec
1496 812 1604 838 com-
1634 801 1676 835 10

153 866 168 889 2
189 858 365 897 mittunt.
426 858 492 897 sed
524 859 577 897 eis
610 859 674 910 qui
706 871 785 898 non
818 858 902 897 data
935 871 1049 910 opera
1077 857 1300 897 incendium
1330 856 1493 896 fecerint
1522 857 1605 908 ple-

186 927 353 966 rumque
395 915 630 966 ignoscitur,
673 916 749 954 nisi
788 916 827 954 in
866 915 941 954 lata
981 922 1019 954 et
1056 915 1210 954 incauta
1258 913 1497 965 neglegentia
1544 913 1606 952 uel

187 972 345 1011 lasciuia
376 971 462 1011 fuit.

47 1028 101 1073 12,
117 1040 172 1070 6,1
243 1041 383 1067 PAVLVS
421 1028 520 1067 libro
559 1027 743 1079 singulari
786 1028 832 1067 de
869 1028 1006 1079 poenis
1037 1040 1277 1079 paganorum
1310 1027 1383 1066 sub
1415 1027 1527 1066 titulo
1560 1026 1605 1064 de

356 1084 499 1134 abigeis
531 1085 640 1123 dicit:
1634 1086 1676 1120 15

298 1141 546 1188 Incendiarii,
586 1141 652 1192 qui
688 1141 727 1179 in
766 1140 906 1192 oppido
944 1140 1107 1192 praedae
1145 1153 1258 1179 causa
1295 1140 1333 1178 id
1364 1139 1604 1183 admiserint,

186 1198 308 1249 capite
338 1198 570 1249 puniantur:
604 1197 670 1248 qui
698 1210 790 1236 casu
811 1198 981 1236 insulam
1004 1203 1071 1236 aut
1102 1197 1250 1244 uillam,
1281 1209 1360 1235 non
1393 1209 1439 1235 ex
1470 1196 1604 1234 inimi-

185 1254 285 1293 citiis
321 1254 588 1301 incenderint,
625 1254 763 1293 leuius.
829 1254 990 1293 fortuita
1028 1253 1132 1292 enim
1173 1253 1352 1292 incendia
1390 1253 1436 1292 ad
1474 1256 1603 1292 forum

183 1310 416 1350 remittenda
450 1317 552 1358 sunt,
585 1317 628 1350 ut
659 1311 845 1350 damnum
878 1310 1019 1350 uicinis
1051 1310 1252 1350 sarciatur.

44 1368 168 1411 12‚⁷‚1
239 1380 420 1407 VLPIANVS
452 1368 550 1407 libro
571 1368 692 1407 XVIII
714 1369 760 1407 ad
792 1368 975 1415 edictum,
1010 1368 1082 1407 sub
1116 1368 1226 1407 titulo
1260 1367 1291 1406 si
1322 1366 1509 1406 fatebitur
1538 1366 1601 1405 in-
1628 1370 1674 1404 20

352 1425 450 1464 iuria
483 1425 655 1464 occisum
688 1438 785 1472 esse,
819 1425 859 1464 in
892 1425 1077 1476 simplum
1112 1431 1150 1463 et
1182 1436 1269 1464 cum
1305 1423 1467 1463 diceret:

293 1482 392 1521 Item
425 1482 457 1521 si
487 1482 655 1521 insulam
688 1494 815 1521 meam
848 1482 1045 1521 adusseris
1076 1482 1139 1521 uel
1159 1481 1393 1528 incenderis,
1426 1479 1602 1531 Aquiliae

455 1609 558 1642 aulus
584 1608 753 1649 (Vesont.)
779 1610 809 1651 5,
836 1609 890 1649 20,
919 1609 946 1640 l.

456 1657 502 1698 ig.
529 1656 560 1696 9,
587 1656 618 1695 2,
645 1655 699 1696 27,
726 1655 744 1686 7
770 1657 853 1687 mut.

1560 1734 1599 1741 W

462 1737 543 1744 m„

272 1784 286 1815 1
314 1783 410 1816 tituli
430 1781 486 1815 17.
540 1782 549 1825 Η
605 1783 660 1825 qui
686 1793 784 1826 supra
812 1793 877 1816 om.
898 1782 938 1815 V.
993 1782 1003 1825 Η
1057 1783 1075 1814 2
1102 1782 1304 1814 incendiarii
1330 1782 1409 1820 (om.
1429 1780 1481 1819 V)
1508 1782 1601 1824 quid—

178 1829 254 1871 quid
283 1829 456 1871 (quicquid
478 1827 544 1869 W)
577 1827 663 1867 libri,
695 1829 852 1861 incendia
881 1829 909 1860 si
933 1829 989 1871 qui
1014 1827 1181 1860 Huschke.
1223 1826 1233 1869 Η
1276 1838 1407 1859 causam
1429 1825 1486 1859 W.
1529 1825 1540 1869 Η
1582 1827 1600 1858 3

177 1873 276 1906 facile
312 1885 377 1906 om.
402 1873 544 1906 Paulus.
587 1873 598 1917 Η
639 1874 660 1906 4
690 1875 757 1917 ulp.
784 1874 806 1906 l.
834 1879 954 1906 octauo
980 1877 1059 1911 (om.
1088 1873 1117 1904 B
1142 1873 1226 1913 ind.)
1252 1871 1430 1906 0171.VW⁷.
1472 1872 1482 1916 Η
1523 1883 1601 1915 pro-

177 1920 317 1952 consule
338 1919 380 1961 V,
405 1924 439 1952 et
465 1919 616 1952 consulis
640 1920 668 1951 B
693 1919 802 1960 (ind.)
844 1918 854 1962 Η
897 1920 957 1951 sub
983 1919 1084 1951 titulo
1110 1930 1173 1951 om.
1200 1919 1288 1951 libri.
1322 1917 1332 1960 Η
1368 1920 1386 1950 5
1413 1918 1600 1958 naufragiis

176 1964 261 1998 libri.
304 1964 314 2007 Η
351 1966 568 1997 incendiariis
594 1964 694 1997 semel
717 1968 849 1997 tantum
877 1965 964 1997 libri.
1000 1964 1010 2006 Η
1045 1966 1064 1997 6
1091 1965 1268 1996 interdicit
1290 1963 1350 2003 BG,
1376 1965 1523 1996 interdic
1543 1963 1599 1996 W.

174 2009 184 2052 Η
229 2012 246 2041 7
272 2011 358 2043 iussi
381 2009 475 2043 VW.
517 2010 526 2053 Η
567 2021 603 2043 re
632 2011 740 2050 uarie]
766 2021 821 2043 res
851 2011 946 2043 uarie
967 2009 1041 2053 IVb,
1074 2011 1294 2042 restituariae
1316 2010 1358 2051 V,
1391 2021 1446 2043 res
1472 2009 1600 2042 ualissae

178 2055 325 2097 Wa(?)‚
351 2057 446 2088 uarie
465 2055 504 2087 B.
540 2054 549 2098 Η
584 2056 706 2099 puniti]
734 2057 939 2099 punitionum
959 2055 1016 2096 Bb,
1042 2056 1251 2099 ponitionum
1270 2055 1330 2088 Ba.
1372 2054 1384 2098 Η
1425 2056 1600 2088 ciuitatem

177 2101 218 2133 V.
256 2101 266 2144 Η
298 2102 316 2134 8
342 2101 490 2134 fecerint
513 2101 593 2145 mg.
632 2100 635 2143 l
665 2102 706 2142 si]
733 2104 761 2134 si
789 2103 820 2133 in
839 2101 915 2134 BV.
946 2100 957 2145 Η
986 2102 1104 2134 humili
1130 2102 1225 2133 modo
1247 2101 1291 2142 V,
1317 2101 1497 2133 humiliore
1516 2100 1597 2143 mg.

176 2145 186 2189 Η
222 2147 290 2179 sint
314 2147 394 2190 Dtg.
437 2146 446 2190 ΙΙ
489 2147 621 2187 bestiis]
647 2148 767 2180 ueticii
787 2145 842 2180 W.
887 2146 897 2189 Η
940 2147 1047 2179 subici
1073 2148 1164 2188 libri,
1190 2147 1278 2179 obici
1306 2147 1385 2190 Dz'gu
1420 2146 1431 2190 Η
1465 2148 1484 2179 9
1511 2147 1599 2178 alico

176 2191 234 2225 W.
276 2191 287 2236 Η
328 2193 432 2233 grado
458 2192 498 2224 B.
539 2191 550 2235 Η
593 2198 626 2225 et
658 2203 769 2225 romae
796 2203 860 2225 om.
886 2192 963 2235 Dig.
1006 2191 1017 2235 Η
1059 2192 1204 2225 fecerint
1228 2192 1308 2235 Dig.
1350 2191 1360 2235 Η
1402 2193 1599 2235 puniuntur]

174 2237 264 2280 Diga,
298 2238 411 2280 puniri
436 2238 523 2270 libri.
579 2238 589 2281 Η
645 2239 683 2270 10
713 2238 889 2271 adficiendi
919 2241 1008 2277 sunt]
1041 2239 1074 2271 in
1102 2239 1244 2271 insulam
1271 2240 1494 2281 deportantur
1521 2237 1598 2278 Dig.

175 2282 186 2325 11
237 2284 275 2317 11
303 2284 366 2324 eis]
402 2288 434 2315 et
466 2284 552 2324 libri,
590 2284 620 2315 ei
648 2283 721 2316 edd.
763 2282 774 2325 Η
816 2282 969 2316 fecerunt
988 2282 1046 2317 W.
1089 2284 1099 2328 Η
1142 2285 1182 2317 12
1219 2285 1251 2316 in
1285 2285 1354 2316 lata
1386 2290 1420 2316 et
1451 2284 1598 2321 incauta]

173 2328 292 2361 malim
318 2330 352 2361 in
379 2340 478 2361 causa
505 2330 586 2361 lata.
628 2328 637 2372 Η
682 2330 721 2361 13
747 2330 923 2361 lasciuiam
944 2327 999 2362 W.
1044 2330 1053 2373 Η
1100 2331 1139 2362 14
1163 2340 1194 2372 p.
1220 2330 1306 2362 libro
1333 2329 1437 2369 (liber
1462 2329 1492 2361 B
1516 2327 1598 2366 ind.)

173 2375 258 2415 sing.
286 2385 351 2407 om.
372 2373 464 2408 VW.
507 2373 517 2418 Η
552 2385 751 2415 pacanorum
772 2373 801 2405 B
826 2374 934 2414 (ind.)
969 2374 980 2417 Η
1016 2376 1056 2408 16
1083 2385 1182 2408 cause
1203 2374 1244 2407 V.
1279 2374 1289 2417 Η
1326 2375 1356 2407 id
1385 2374 1599 2412 admiserint]

172 2421 212 2452 ad
244 2431 314 2452 eam
346 2421 503 2453 miserint
528 2419 585 2452 W.
634 2419 644 2463 Η
695 2421 734 2452 17
760 2421 919 2463 puniatur
942 2419 1014 2453 BV.
1057 2421 1068 2464 Η
1110 2431 1224 2453 casum
1251 2419 1293 2453 V,
1336 2420 1346 2463 Η
1388 2420 1475 2451 uilla
1503 2418 1542 2451 V.
1588 2418 1598 2461 Η

176 2476 218 2497 ex
242 2466 445 2506 inimicitiis]
471 2466 648 2498 inimicitia
668 2465 706 2496 B.
748 2465 759 2509 Η
803 2466 841 2498 18
868 2465 947 2498 fort.
975 2467 1075 2506 enim]
1095 2465 1135 2504 B,
1161 2466 1249 2498 enim
1275 2465 1354 2498 fort.
1375 2464 1432 2506 17,
1458 2466 1490 2497 in
1518 2464 1597 2496 fort.

176 2511 262 2542 enim
283 2511 324 2544 V.
355 2511 368 2552 Η
400 2512 439 2544 19
464 2512 660 2544 remittendi
682 2510 737 2544 W.
769 2511 780 2554 Η
809 2511 913 2544 uicini
933 2510 973 2552 B,
997 2512 1086 2544 uinis
1107 2511 1148 2545 V.
1180 2511 1191 2554 Η
1221 2511 1263 2543 20
1289 2511 1355 2553 ulp.
1384 2511 1474 2543 libro
1495 2509 1600 2549 (liber

175 2555 205 2586 B
229 2556 313 2597 ind.)
338 2558 425 2589 xuiii
444 2557 487 2595 (B
505 2557 574 2589 ind.
595 2556 654 2598 17,
681 2567 743 2589 om.
765 2556 793 2588 B
811 2559 911 2598 tecet.)
929 2559 968 2588 ad
988 2557 1132 2590 edictum
1150 2558 1205 2597 (ab
1224 2557 1334 2589 edicto
1356 2554 1425 2598 W)
1450 2567 1476 2588 s.
1495 2555 1598 2588 titulo

175 2601 286 2640 (tituli
305 2601 374 2642 W)
392 2601 483 2644 BW,
508 2613 585 2642 om,
611 2604 735 2635 Ιιαὸεηε
760 2603 914 2645 ulpianus
936 2605 1013 2646 post
1038 2603 1186 2636 occisum
1205 2612 1291 2642 esse,
1317 2601 1356 2634 V.
1396 2602 1406 2645 Η
1440 2601 1598 2634 iniuriam

175 2647 264 2679 libri.
306 2646 316 2689 Η
357 2648 397 2680 21
426 2649 537 2681 occiso
563 2648 623 2681 Ba.
660 2648 670 2691 Η
704 2659 774 2680 cum
801 2649 936 2680 doceret
961 2647 1050 2690 BW,
1079 2659 1152 2680 cum
1179 2649 1299 2680 docere
1321 2647 1373 2685 V;
1400 2648 1447 2690 cf.
1471 2658 1501 2691 p.
1516 2647 1598 2685 444,

176 2692 207 2724 2.
241 2690 251 2735 Η
282 2692 323 2724 22
349 2694 428 2726 item
453 2695 494 2734 si]
520 2694 552 2726 id
578 2695 607 2726 si
627 2693 669 2735 V,
696 2695 727 2725 in
749 2692 804 2727 W.
836 2692 846 2735 Η
881 2693 992 2726 insula
1018 2693 1107 2726 libri.
1139 2692 1149 2735 Η
1180 2703 1251 2725 mea
1271 2691 1365 2725 VW.
1400 2693 1410 2736 Η
1443 2693 1600 2725 aduseris

177 2737 222 2779 V,
247 2738 423 2771 adusueris
443 2739 482 2781 B,
507 2740 661 2772 aduserit
680 2738 737 2772 W.
781 2739 792 2782 Η
834 2740 1026 2771 incenderit
1045 2737 1102 2772 W.
1145 2739 1157 2782 Η
1198 2739 1326 2781 aquilia
1345 2737 1440 2772 VW.

247 2793 390 2821 collectio
407 2795 459 2821 111.
1336 2796 1379 2830 12
