1823 3016
112 459 188 501 9,8

112 910 187 951 9‚9

88 1255 122 1300 9,
148 1267 182 1291 10

86 1825 119 1866 9,
146 1837 180 1861 12

699 196 817 200 —
881 170 964 211 219
1027 194 1145 198 ——-
1292 179 1474 208 coxsvm.
1496 170 1528 210 9,
1545 181 1642 207 7-12,

204 288 376 340 grauitas
407 293 473 327 tua
502 288 575 336 his,
609 288 676 340 qui
708 289 891 328 seruilem
916 288 1183 328 condicionem
1209 300 1289 327 non
1310 288 1441 327 statim
1474 288 1512 327 in
1545 288 1640 339 ipsis

203 344 527 384 coniunctionum
566 346 793 397 primordiis
824 348 1065 397 refugerunt,
1104 345 1381 384 necessitatem
1415 345 1641 384 subeundae

204 401 410 441 seruitutis
427 401 616 454 imponat.
639 402 723 441 Dat.
742 403 847 441 XIIII
866 403 938 442 kal.
961 403 1057 454 Aug.
1076 402 1284 441 Mediolani
1301 401 1395 454 ipsis
1413 402 1490 440 AA.
1509 414 1637 440 conss.

267 458 323 497 Ex
355 471 518 510 corpore
550 460 806 510 Gregoriano:

324 515 422 567 Imp.
455 516 679 555 Antoninus
718 517 760 555 A.
802 516 1002 556 Prisciano
1040 515 1166 555 militi.
1236 515 1400 554 Summa
1447 514 1640 554 sententia

205 573 510 623 comprehensa,
568 586 684 624 quam
732 574 976 613 cessantibus
1022 572 1271 612 curatoribus
1317 572 1514 624 quondam
1563 571 1641 610 tuis

204 628 322 668 iudex
354 636 515 668 secutus
546 629 788 669 iureiurandi
819 643 840 669 a
873 636 909 670 te
940 630 1076 682 perlati
1108 630 1336 680 religionem
1373 630 1413 668 in
1453 628 1641 668 condem-

203 686 405 724 nationem
439 687 609 732 deduxit‚
645 686 769 726 minui
800 694 913 739 pacto
945 699 1023 726 non
1055 686 1202 739 potuit:
1235 699 1279 725 ac
1306 692 1512 738 propterea
1545 684 1641 724 sub-

203 742 278 782 lata
319 742 500 782 cautione
539 743 833 789 transactionis,
872 757 970 796 quae
1015 745 1124 784 nullo
1161 744 1246 782 iure
1291 743 1522 795 interposita
1569 748 1640 787 est,

205 799 423 851 Septimius
458 800 647 840 Varianus
684 813 768 839 rem
801 801 1010 841 iudicatam
1051 806 1278 852 exequatur.
1348 800 1420 838 PP.
1461 799 1534 838 kal.
1568 798 1639 837 Iul.

204 856 323 896 Laeto
355 857 388 896 ΙΙ
421 863 459 896 et
490 856 645 896 Cereale
677 870 805 897 conss.

323 913 448 965 Impp.
481 913 743 953 Diocletianus
775 920 813 954 et
844 914 1101 954 Maximianus
1123 915 1200 953 AA.
1226 913 1353 965 leiae
1384 913 1639 953 Marcellinae.

205 969 246 1009 Si
277 983 435 1021 praeses
481 970 709 1022 prouinciae
746 971 1008 1021 ignorantiam
1056 977 1164 1010 tuam
1213 970 1461 1010 fraudulenta
1509 976 1640 1010 trans—

203 1027 355 1066 actione
401 1040 445 1066 ac
492 1027 634 1066 dolosis
681 1027 833 1066 artibus
879 1027 1012 1078 generi
1059 1029 1113 1067 tui
1162 1027 1501 1079 circumscriptam
1554 1038 1639 1065 esse

202 1084 443 1134 cognouerit,
477 1083 509 1122 si
541 1085 700 1134 quidem
733 1083 937 1135 Aquiliana
975 1084 1176 1135 stipulatio
1218 1090 1257 1123 et
1302 1083 1544 1136 acceptilatio
1575 1083 1637 1121 in-

201 1146 334 1179 secuta
365 1152 445 1179 non
477 1146 554 1187 est,
586 1147 743 1192 pactum
783 1141 918 1180 callide
959 1141 1151 1192 scriptum
1190 1141 1353 1191 integris
1391 1141 1637 1192 singulorum

202 1196 421 1236 actionibus
453 1197 665 1236 amouebit.
725 1197 799 1237 PP.
834 1197 886 1236 ΙΙΙ
918 1210 1010 1237 non.
1044 1198 1181 1237 Octob.
1213 1197 1309 1249 ipsis
1341 1198 1417 1236 AA.
1451 1208 1579 1236 conss.

316 1253 413 1306 Imp.
447 1254 667 1294 Gordianus
699 1255 741 1293 A.
776 1254 922 1293 Cliniae
953 1255 1158 1294 Antoniae.
1210 1254 1339 1301 Pacta,
1372 1267 1471 1306 quae
1502 1259 1639 1293 contra

201 1309 325 1350 bonos
357 1323 488 1350 mores
519 1311 840 1363 interponuntur,
873 1312 970 1351 iuris
1001 1311 1100 1351 ratio
1132 1324 1211 1351 non
1244 1318 1389 1351 tuetur.
1437 1311 1512 1350 PP.
1543 1322 1637 1350 non.

201 1366 339 1406 Octob.
371 1367 457 1419 ipso
488 1368 531 1406 A.
562 1368 597 1407 ΙΙ
629 1374 667 1408 et
697 1368 935 1420 Pompeiano
967 1381 1096 1408 conss.

315 1424 414 1476 Imp.
447 1424 662 1464 Alexander
692 1425 849 1464 Aurelio
881 1425 1078 1478 Dionysio.
1141 1424 1238 1464 Cum
1272 1428 1528 1477 posteaquam
1567 1423 1637 1462 ad-

200 1481 401 1520 uersarius
444 1481 580 1521 matris
629 1489 718 1521 tuae
760 1483 890 1522 uictus
928 1489 1049 1530 esset,
1097 1488 1264 1521 matrem
1312 1489 1420 1521 tuam
1467 1481 1638 1521 circum-

200 1538 372 1585 uenerit‚
414 1545 457 1577 ut
488 1538 751 1590 pacisceretur
781 1539 928 1578 nullam
976 1552 1017 1578 se
1063 1539 1374 1578 controuersiam
1419 1539 1466 1577 de
1513 1538 1638 1577 seruis

199 1600 411 1642 moturam,
443 1595 481 1634 id
513 1601 671 1646 pactum
704 1595 805 1635 mala
837 1596 911 1635 tide
954 1597 1102 1636 factum
1142 1596 1300 1635 irritum
1343 1602 1421 1635 est:
1469 1601 1507 1635 et
1546 1607 1636 1634 cum

199 1663 245 1690 ex
276 1664 319 1690 ea
351 1652 614 1691 conuentione
652 1665 742 1692 cum
781 1659 906 1692 matre
944 1659 1010 1692 tua
1048 1652 1108 1704 agi
1146 1653 1339 1704 coeperit,
1388 1652 1504 1692 iudex
1550 1663 1635 1691 eam

198 1707 392 1756 liberabit,
425 1708 517 1760 quia
550 1709 596 1748 de
628 1722 669 1748 re
700 1709 869 1749 iudicata
901 1710 1044 1761 pacisci
1074 1722 1190 1749 nemo
1224 1716 1366 1761 potest.
1414 1709 1489 1748 PP.
1512 1708 1636 1761 pridie

198 1764 250 1804 id.
283 1766 388 1817 Sept.
421 1766 640 1805 Alexandro
672 1766 715 1805 A.
748 1779 855 1806 cons.

257 1821 313 1860 Ex
344 1834 508 1874 corpore
539 1822 820 1862 Theodosiani:

314 1879 441 1930 Impp.
481 1879 678 1919 Honorius
724 1887 763 1919 et
800 1879 1045 1919 Theodosius
1091 1880 1168 1919 AA.
1214 1879 1363 1919 Iuliano
1410 1878 1637 1931 proconsuli

198 1935 361 1975 Africae.
420 1935 469 1975 Et
501 1936 731 1976 mulieribus
764 1942 803 1976 et
834 1936 1053 1976 minoribus
1083 1937 1123 1976 in
1154 1936 1221 1984 iis,
1263 1950 1361 1988 quae
1402 1935 1636 1988 praetermi-

292 2019 320 2040 c.
347 2009 379 2049 9,
406 2009 425 2040 8
442 2024 487 2035 =
509 2009 586 2042 Cod.
611 2010 693 2042 Iasi.
724 2012 754 2051 5,
781 2010 834 2052 53,
863 2011 894 2042 3.

291 2065 318 2086 c.
346 2054 377 2096 9,
406 2055 442 2088 11
463 2055 554 2091 =1,
583 2056 612 2087 8.
641 2055 718 2088 Cod.
741 2056 826 2088 lust.
852 2057 882 2095 2,
910 2056 941 2097 3,
967 2056 998 2088 8.

291 2110 318 2130 e.
347 2100 378 2141 9,
408 2100 446 2133 12
464 2115 509 2126 =
530 2099 606 2132 Cod.
637 2100 758 2135 Theod.
784 2102 814 2139 2,
844 2102 896 2142 16,
923 2102 954 2133 3.

201 2157 389 2164 *xxmxxxms-
392 2158 424 2164 xx
427 2158 475 2164 mx
479 2158 649 2165 «ΛΛΛΛΜὫᾺ
653 2159 739 2166 xxx—„N
742 2159 1078 2167 „W1vam-vxmx

293 2187 313 2218 2
340 2187 614 2220 coniunctionum
637 2187 707 2220 Cui.
729 2189 826 2222 1577.
849 2189 947 2230 1586,
974 2189 1223 2221 coniunctionis
1245 2188 1315 2221 Cat.
1337 2189 1435 2222 1566.
1456 2187 1466 2231 [Ι
1486 2189 1504 2220 7
1530 2188 1635 2219 iuris-

198 2232 334 2265 iurandi
365 2232 436 2265 Cm'.
461 2232 545 2265 1566
580 2232 653 2265 Cod.
679 2233 765 2267 lust.
811 2234 821 2277 ΙΙ
863 2235 989 2277 prolati
1016 2234 1094 2267 Cod.
1118 2234 1205 2267 Just.
1248 2233 1258 2276 ΙΙ
1302 2234 1321 2266 8
1354 2239 1534 2276 praeterea
1564 2232 1636 2264 Cui.

201 2279 298 2312 1577.
336 2277 346 2320 ΙΙ
383 2279 498 2310 oblata
529 2278 599 2311 Cui.
621 2278 718 2311 1586.
752 2277 765 2322 ΙΙ
801 2280 842 2312 10
869 2286 1056 2323 exequetur
1083 2279 1274 2313 Cuz‘.1566.
1310 2279 1319 2321 Η
1357 2280 1396 2311 12
1422 2280 1508 2311 hanc
1533 2281 1636 2310 const.

200 2323 272 2356 Cui.
295 2322 381 2356 1566
413 2323 457 2355 ad
486 2324 646 2365 Hermog.
682 2323 757 2356 Cod.
790 2326 833 2368 (p.
863 2327 943 2367 716)
974 2325 1118 2359 rettulit.
1170 2325 1181 2368 Il
1235 2326 1406 2357 maximin.
1437 2325 1507 2357 Cui.
1540 2323 1635 2355 1577.

200 2369 298 2401 1586.
340 2367 351 2411 Η
397 2370 435 2401 15
462 2370 626 2408 insecuta]
654 2370 842 2411 pactionem
868 2371 932 2404 ins.
964 2372 1037 2405 Cui.
1059 2371 1155 2405 1586.
1198 2370 1208 2414 ΙΙ
1247 2372 1286 2403 17
1311 2371 1482 2412 adscripsi
1505 2379 1637 2400 annam.

197 2414 277 2456 293,
302 2416 382 2456 qnia
407 2416 438 2446 is
461 2414 573 2446 eodem
600 2414 697 2447 modo
722 2414 924 2459 desig-notu}-
947 2419 983 2449 in
1008 2428 1034 2449 c.
1053 2418 1085 2458 6,
1112 2417 1169 2449 10:
1199 2428 1281 2449 sane
1305 2416 1390 2458 qaod
1410 2416 1574 2447 Caesares
1599 2416 1636 2445 in

197 2461 417 2503 inscriptione
434 2462 650 2502 omittuntur,
676 2471 742 2492 non
760 2462 882 2502 obstat,
900 2463 948 2505 cf.
967 2473 994 2494 c.
1015 2464 1047 2505 5,
1065 2462 1096 2494 6.
1122 2463 1152 2503 6,
1174 2462 1316 2495 10-18.
1345 2462 1375 2501 9,
1397 2461 1449 2493 18.
1470 2461 1526 2492 19:
1553 2463 1638 2492 cete-

198 2515 276 2537 rum
308 2505 386 2537 uide
419 2505 549 2538 Codicis
574 2506 763 2538 lastiniam·
786 2507 1034 2540 Additamenta
1055 2519 1090 2551 p.
1109 2508 1178 2539 *13
1205 2510 1273 2539 not.
1300 2508 1331 2547 2,
1364 2517 1395 2549 p.
1414 2506 1485 2539 *14
1509 2508 1577 2537 not.
1603 2505 1635 2537 2.

201 2549 212 2592 ΙΙ
248 2551 289 2582 18
317 2551 453 2594 clyniae
483 2551 553 2584 Cui.
590 2550 601 2592 ΙΙ
638 2552 678 2583 19
705 2552 793 2584 iuris
819 2554 909 2585 ratio
940 2552 1127 2585 Cui.1566.
1158 2553 1253 2593 1556,
1282 2553 1409 2584 iuratio
1440 2551 1512 2584 Cui.
1535 2551 1631 2582 1577.

200 2595 210 2637 ΙΙ
265 2596 306 2627 20
332 2599 374 2636 3.]
400 2608 450 2629 aa.
483 2597 555 2630 Cui.
578 2598 676 2629 1586.
731 2596 741 2639 Ι]
795 2598 835 2630 21
864 2599 941 2640 imp.
969 2599 1028 2638 aL]
1054 2599 1097 2630 al.
1124 2609 1153 2630 a.
1184 2598 1255 2630 Cui.
1277 2598 1373 2631 1566.
1428 2597 1440 2638 11
1492 2598 1578 2635 cum]
1605 2596 1635 2627 si

204 2641 274 2673 Cui.
300 2641 395 2674 1566.
426 2641 437 2685 Η
466 2647 639 2684 postquam
660 2642 729 2674 Cui.
752 2643 848 2675 1566.
876 2642 887 2685 il
912 2645 954 2676 23
980 2645 1224 2687 pacisceretur]
1244 2644 1274 2675 ei
1293 2647 1431 2675 caueret
1454 2642 1528 2675 Cod.
1547 2642 1636 2673 lust.

203 2685 213 2726 Η
257 2687 300 2718 24
331 2688 536 2727 agitaturam
565 2688 637 2720 Cat.
664 2688 759 2720 1566.
804 2688 813 2731 :l
856 2689 897 2721 27
924 2700 1010 2722 coss.
1041 2689 1114 2721 Cui.
1143 2689 1240 2722 1586.
1282 2688 1292 2729 Η
1334 2689 1377 2721 29
1404 2689 1546 2727 iuliano]
1575 2687 1634 2719 iul.

198 2731 227 2763 II
257 2732 328 2764 Cui.
350 2733 436 2765 1586
461 2744 538 2766 cum
568 2733 641 2766 eod.
673 2732 792 2766 Theoti.
837 2733 847 2775 Η
891 2735 931 2766 30
959 2737 1054 2777 quae]
1081 2745 1164 2777 quae
1191 2735 1246 2766 uel
1273 2734 1349 2767 Cod.
1379 2732 1498 2766 Theoti.

1288 2159 1391 2166 &ms
1394 2158 1565 2165 vrxixm
1568 2158 1634 2164 ww*

1659 411 1760 437 a.365

1692 518 1714 552 5

1669 802 1712 836 10

1659 864 1759 889 a.215

1668 1089 1711 1123 15

1653 1205 1774 1232 a.293?

1669 1314 1710 1348 19

1659 1384 1682 1401 a.
1703 1376 1755 1401 241

1664 1656 1708 1690 25

1659 1774 1758 1800 a.222

1662 1942 1710 1977 30
