1828 3011
730 106 1180 146 ——132—

247 228 370 268 Exod.
391 226 459 271 22,
492 226 517 265 1
549 224 623 279 (--
649 232 675 264 τ.
700 224 771 276 XI)
797 223 1026 274 Auqustz‘nus
1047 228 1176 274 quaest
1194 224 1235 261 in
1257 221 1369 261 Num.
1392 221 1458 267 IV,
1481 221 1536 260 10
1569 219 1613 272 (3
1631 234 1673 272 p.

305 281 575 379 53IInCi1lxodo
596 337 738 377 dieitur
766 336 797 375 si
819 334 908 386 quis
940 335 1093 373 furatus
1114 333 1233 372 fuerit
1253 334 1420 372 uitulum
1443 340 1510 373 aut
1540 346 1672 380 ouem,

379 397 585 436 restituere
626 394 763 432 dehere
803 392 976 443 quinque
1007 390 1151 429 uitulos
1183 390 1245 429 uel
1276 397 1460 441 quattuor
1491 403 1597 438 oues,
1637 390 1671 429 si

381 452 566 492 occiderit
595 457 662 489 aut
693 448 925 488 uendiderit.

437 509 667 559 Auqustinus
696 518 789 557 spec.
822 517 851 543 c.
879 503 949 542 74.-

381 566 492 612 Quod
524 564 556 602 si
587 564 676 614 quis
707 559 942 600 inuolauerit
973 559 1141 598 uitulum
1179 564 1248 597 aut
1278 571 1392 597 ouem
1425 564 1464 598 et
1485 559 1671 598 occiderit

381 634 471 661 eum
517 626 585 659 aut
629 617 870 663 uemliderit,
909 616 1082 666 quinque
1118 615 1264 654 uitulos
1310 615 1445 654 reddet
1481 628 1552 667 pro
1590 628 1670 654 uno

384 678 506 716 uitulo
539 682 576 714 et
607 681 792 726 quattuor
831 685 924 711 oues
962 685 1032 724 pro
1063 684 1139 711 una
1171 684 1256 710 oue.
1316 672 1419 722 quod
1461 672 1494 710 si
1524 684 1673 724 pauper

384 740 443 773 est
474 739 511 771 et
541 744 620 770 non
652 731 769 770 habet
799 730 903 768 unde
934 729 1081 776 reddat,
1114 728 1244 767 ueniat
1274 740 1344 779 pro
1375 730 1492 767 furto.

248 791 370 832 Eaeosl.
392 790 459 835 22,
481 789 519 828 2.
542 788 570 827 3
595 787 670 835 (z
690 794 716 826 t.
746 786 816 826 VII
815 785 830 838 )
859 787 1088 837 Augustinus
1109 792 1247 836 quaest.
1269 787 1310 823 in
1330 785 1453 824 Exod.
1476 784 1526 832 ΙΙ,
1549 783 1604 824 84
1627 783 1679 835 (3.

299 860 340 898 p.
364 846 447 886 449
474 844 544 896 D):

382 903 422 942 Si
460 909 589 941 autem
630 899 853 951 perfodiens
890 898 1077 937 inuentus
1118 898 1237 936 fuerit
1279 899 1343 936 fur
1381 903 1419 936 et
1456 909 1676 949 percussus

379 965 559 998 mortuus
583 956 717 1003 fuerit,
748 968 828 995 non
852 961 910 994 est
930 955 983 993 illi
1006 954 1284 993 homicidium:
1317 954 1349 992 si
1371 960 1500 993 autem
1524 954 1674 993 orietur

381 1017 439 1054 sol
471 1027 587 1066 super
618 1026 721 1056 eum.
754 1025 844 1051 reus
876 1018 954 1050 est:
986 1024 1057 1063 pro
1090 1017 1217 1050 morte
1249 1010 1452 1049 morietur.

246 1074 372 1113 Eoeocl.
393 1072 463 1119 22,
489 1073 523 1111 7.
548 1070 572 1110 8
606 1069 674 1104 s=
697 1077 721 1108 τ.
747 1068 799 1120 X)
831 1082 879 1108 ex
914 1068 1229 1119 wirceburyensi:

383 1159 390 1168 .
425 1159 433 1168 .
468 1158 477 1167 .
509 1127 626 1166 fuerit
671 1127 716 1165 de
761 1126 876 1164 domo
923 1124 1092 1163 hominis
1134 1124 1167 1163 si
1207 1125 1392 1163 inuentus
1434 1124 1563 1170 fuerit,
1606 1125 1673 1162 fur

381 1185 516 1225 reddet
546 1184 726 1235 duplum:
758 1182 860 1233 quod
893 1181 925 1220 si
957 1194 1035 1220 non
1066 1181 1184 1219 suerit
1204 1181 1386 1219 inuentus
1409 1181 1483 1227 fur,
1515 1180 1672 1219 accedet

381 1241 634 1291 d(o]m(inu)s
681 1240 821 1278 domus
868 1239 905 1277 in
952 1244 1162 1289 conspectu
1209 1237 1270 1276 dei
1315 1243 1354 1275 et
1392 1237 1536 1276 iurabit
1575 1236 1673 1275 nihil

381 1298 548 1348 maligne
586 1297 724 1335 fecisse
762 1309 805 1335 ex
846 1295 954 1334 omni
992 1294 1264 1333 commendato
1310 1293 1478 1345 proximi
1516 1300 1583 1333 aut
1624 1293 1674 1332 de

380 1355 488 1394 omni
521 1366 562 1392 re
593 1366 668 1404 qua
699 1352 956 1391 accusabitur.

246 1411 363 1451 Leuit.
385 1411 452 1454 20,
475 1411 527 1451 10
550 1409 622 1462 (Ξ
641 1417 667 1449 t.
689 1407 761 1461 IV)
784 1409 1012 1459 Auyustinus
1039 1413 1179 1458 quaest.
1207 1410 1248 1446 in
1274 1405 1389 1445 Leuit.
1407 1405 1476 1452 III,
1500 1405 1554 1445 83
1573 1405 1619 1458 (3
1630 1419 1674 1458 p.

380 1467 506 1563 noino
524 1522 762 1573 quicumque
783 1519 1062 1559 adulterauerit
1079 1531 1239 1558 uxorem
1259 1519 1333 1558 uiri
1348 1525 1416 1558 aut
1432 1518 1675 1570 quicumque

379 1579 657 1620 adulterauerit
687 1590 847 1617 uxorem
880 1576 1048 1628 proximi
1079 1576 1151 1621 sui,
1187 1583 1310 1615 morte
1341 1575 1572 1615 moriantur.

247 1639 361 1678 Num.
392 1637 460 1683 27,
489 1636 629 1675 2-11
661 1634 735 1687 (=
756 1642 781 1674 t.
805 1632 913 1685 XVI)
947 1646 995 1672 em
1020 1632 1280 1684 Lugdunensi:

379 1700 418 1733 et
438 1698 685 1732 accesserunt
705 1691 804 1730 filiae
827 1690 982 1742 Salpaat
1000 1720 1008 1728 .
1028 1720 1036 1728 .
1056 1720 1064 1728 .
1085 1720 1093 1728 .
1118 1697 1156 1729 et
1184 1696 1332 1728 stantes
1360 1695 1494 1728 contra
1516 1688 1676 1728 Eleazar

381 1750 621 1789 sacerdotem
669 1755 707 1787 et
752 1754 887 1787 contra
931 1746 1127 1798 principes
1174 1747 1212 1785 in
1245 1758 1402 1784 omnem
1436 1758 1669 1797 synagogam

380 1808 427 1846 ad
459 1806 602 1845 ostium
635 1805 875 1845 tabernaculi
908 1803 1122 1843 testimonii
1153 1803 1351 1842 dixerunt:
1397 1810 1507 1854 pater
1537 1809 1675 1841 noster

381 1869 560 1903 mortuus
597 1869 656 1901 est
695 1862 733 1900 in
772 1862 923 1901 deserto
964 1890 1102 1899 .....
1141 1866 1179 1899 et
1215 1859 1267 1898 fili
1309 1872 1388 1898 non
1434 1861 1594 1898 fuerunt
1632 1865 1672 1898 et

378 1933 457 1959 non
498 1920 670 1958 deleatur
705 1931 849 1957 nomen
880 1917 1000 1970 patris
1038 1916 1163 1956 nostri
1194 1916 1240 1955 de
1277 1916 1402 1955 media
1431 1915 1542 1968 plebe
1572 1916 1674 1962 eius,

379 1977 467 2028 quia
504 1989 582 2015 non
619 1981 679 2014 est
713 1975 833 2014 filius:
872 1976 958 2014 date
994 1974 1106 2012 nobis
1143 1973 1431 2025 possessionem
1469 1972 1509 2011 in
1543 1972 1671 2010 medio

379 2036 542 2072 fratrum
576 2032 697 2084 patris
728 2032 868 2070 nostri.
919 2037 958 2070 et
988 2030 1129 2069 obtulit
1150 2030 1300 2081 Moyses
1322 2029 1509 2068 iudicium
1535 2041 1669 2067 earum

380 2096 513 2129 contra
563 2089 766 2128 dominum
813 2095 851 2127 et
895 2089 1049 2127 locutus
1095 2092 1154 2126 est
1199 2087 1381 2126 dominus
1426 2086 1473 2125 ad
1512 2085 1673 2136 Moysen

380 2147 529 2185 dicens:
572 2152 677 2184 recte
722 2145 821 2184 filiae
859 2146 1013 2196 Salpaat
1048 2144 1198 2182 locutae
1236 2150 1345 2183 sunt:
1395 2143 1522 2181 datam
1560 2141 1672 2180 dabis

379 2203 434 2242 eis
481 2202 769 2254 possessionem
816 2201 1043 2240 hereditatis
1087 2200 1127 2239 in
1174 2200 1300 2239 medio
1345 2201 1509 2238 fratrum
1548 2198 1672 2250 patris

380 2271 513 2298 earum
547 2289 685 2297 .....
718 2264 757 2297 et
786 2258 874 2297 filiis
906 2258 1067 2297 Istrahel
1104 2256 1275 2308 loqueris
1307 2256 1454 2295 dicens:
1486 2255 1605 2293 homo
1638 2254 1670 2293 si

381 2315 592 2355 decesserit
622 2322 660 2354 et
690 2314 789 2353 filios
819 2328 896 2354 non
921 2314 1100 2354 habuerit
1123 2344 1130 2352 .
1157 2344 1165 2352 .
1188 2344 1197 2352 .
1222 2344 1230 2352 .
1254 2313 1392 2352 dabitis
1414 2311 1667 2350 hereditatem

381 2372 594 2413 domestico
634 2371 811 2424 proximo
848 2372 972 2423 ipsius
1015 2372 1060 2410 de
1098 2370 1202 2410 tribu
1232 2369 1356 2421 ipsius
1387 2375 1425 2408 et
1455 2367 1672 2420 possidebit

383 2442 481 2481 quae
519 2435 612 2468 sunt
647 2428 782 2480 ipsius,
822 2435 859 2467 et
897 2428 970 2467 erit
1006 2428 1100 2466 haec
1136 2426 1223 2465 filiis
1256 2425 1416 2465 Istrahel
1446 2425 1673 2464 iustificatio

380 2485 613 2525 iudiciorum
647 2485 862 2524 secundum
894 2498 991 2536 quae
1022 2483 1226 2523 constituit
1257 2483 1439 2521 dominus
1471 2481 1604 2532 Moysi.

246 2541 359 2581 Num.
390 2541 458 2590 35,
491 2542 556 2588 16,
589 2542 641 2581 17
674 2540 746 2594 (=
766 2548 791 2581 t.
824 2540 860 2594 1)
897 2554 945 2581 em
974 2541 1232 2593 Lugdunensis

382 2599 422 2638 Si
453 2605 583 2638 autem
616 2600 720 2638 ferro
747 2598 982 2650 percusserit
1003 2610 1091 2637 eum
1115 2605 1152 2636 et
1174 2602 1353 2636 mortuus
1377 2595 1505 2641 fuerit,
1538 2593 1670 2633 homi-

380 2656 463 2694 cida
508 2662 584 2695 est:
632 2661 758 2694 morte
803 2655 989 2707 puniatur
1033 2653 1238 2693 homicida.
1299 2652 1331 2691 si
1377 2658 1505 2691 autem
1543 2651 1672 2703 lapide
