1828 3011
681 127 1125 166 ——312—

199 243 321 274 Paulus
346 242 598 274 institutionum
623 242 692 274 LII
717 245 795 274 tom.
813 242 853 275 II
870 253 901 285 p.
925 242 996 273 160.

242 1207 285 1257 ΙΙ
241 801 286 1123 ΙΙὶΙΙΙΙΙ

242 1388 288 1845 ΙΙΙΙΙΙΙΙΙΙΙ

407 2249 525 2342 1«
406 1389 525 1842 mmmm

247 2430 290 2571 ΙΙΙΙ

622 288 643 319 l.
664 289 814 319 incertus
839 290 920 319 tom.
938 287 993 319 ΙΙΙ
1013 299 1045 330 p.
1068 287 1142 318 297.

347 333 547 365 manualium
572 333 595 364 l.
613 332 626 364 I
653 332 732 365 Vat.
753 332 897 364 46—58.

569 378 591 410 l.
610 376 637 408 II
663 387 703 409 ex
730 377 840 410 tribus
868 376 945 408 Vae.
964 378 1018 409 45.

348 423 388 455 ad
413 423 645 465 municipalem
670 423 692 454 I.
712 424 796 463 sing.
824 421 901 454 Vae.
922 422 998 454 237.
1025 423 1099 454 243.

349 473 446 500 notae
472 469 513 499 ad
538 467 712 510 Papiniani
739 478 898 510 responsa
923 471 1000 499 tom.
1018 467 1077 499 ΙΙΙ
1095 478 1126 508 p.
1146 467 1220 499 289.
1248 467 1436 500 291-293.

348 515 387 546 de
415 512 524 545 officio
551 514 719 555 praetoris
744 513 888 544 tutelari
911 513 933 544 l.
955 513 1039 553 sing.
1068 512 1147 544 Vat.
1168 512 1242 544 244.
1270 512 1344 544 245.

345 558 576 601 quaestionum
602 559 625 591 Ι.
645 557 687 590 VI
713 558 772 590 sub
799 558 934 589 rubrica
960 558 999 589 de
1025 558 1189 598 legitimis
1216 558 1336 590 tutelis
1363 557 1443 589 Val.
1464 558 1537 591 227.

346 613 582 646 responsorum
608 604 630 634 1.
652 603 679 634 V
705 604 765 635 sub
791 604 845 635 tit.
871 613 914 634 ex
939 603 1050 635 locato
1077 607 1110 634 et
1135 604 1297 635 conducto
1328 602 1408 634 Con.
1430 604 1480 645 10,
1500 604 1530 635 9.

608 649 630 680 l.
649 647 707 680 VII
734 647 813 681 Vae.
834 649 1000 681 94--107,

397 710 513 714 —
606 694 628 724 1.
648 692 720 725 VIII
756 694 823 732 [tit.
859 695 898 725 de
935 703 971 725 re
1012 694 1133 725 uxoria
1170 692 1289 733 Sclzol.]
1321 692 1400 725 Vae.
1423 694 1610 727 los-112.

346 785 398 822 [ad
425 785 584 816 Sabinum
610 784 632 815 Ι.
652 783 733 824 VIII]
761 785 841 817 Vat.
867 786 893 816 1.

347 831 587 861 sententiarum
613 829 694 861 libri
722 829 747 860 V
774 829 838 862 uol.
858 828 897 861 II
915 840 946 872 p.
969 828 1135 864 39—137.

611 873 664 906 l.I
690 875 770 907 Vat.
788 875 865 906 336.
892 874 968 906 337.

615 937 659 942 —
684 919 744 952 sub
770 921 824 951 tit.
852 920 964 951 finium
990 921 1213 961 regundorum
1235 919 1314 951 Coll.
1338 919 1390 960 13,
1409 919 1438 951 2.

615 983 658 988 ——
685 964 830 997 Consult.
851 965 881 1005 3,
900 965 1021 997 6—11.

618 1029 658 1033 —
683 1011 722 1042 de
749 1010 854 1053 pactis
885 1010 1029 1043 Consult.
1050 1012 1081 1051 7,
1099 1011 1129 1042 4.
1157 1012 1187 1042 5.

614 1074 657 1079 —
683 1056 722 1087 de
749 1056 853 1098 pactis
879 1060 912 1087 et
937 1056 1114 1088 conuentis
1142 1055 1285 1088 Consult.
1305 1057 1334 1096 7,
1353 1057 1384 1089 6.

614 1119 657 1124 --
682 1101 736 1132 tit.
757 1102 796 1132 de
823 1101 931 1143 pactis
952 1106 983 1132 et
1002 1101 1280 1133 conuentionibus
1299 1102 1352 1133 uel
1372 1102 1614 1135 transactioni-

689 1146 748 1177 bus
776 1145 923 1178 Consult.
942 1147 974 1186 4,
993 1147 1022 1179 3.
1049 1147 1079 1178 4.

613 1209 657 1214 —
682 1192 720 1222 de
749 1192 1038 1224 transactionibus
1065 1191 1209 1224 Consult.
1228 1192 1258 1230 4,
1279 1193 1309 1224 6.
1337 1193 1365 1223 Τ.

615 1253 658 1258 -
683 1236 742 1268 sub
768 1237 821 1268 tit.
840 1237 869 1269 si
895 1237 1067 1269 hereditas
1093 1238 1146 1268 uel
1172 1238 1248 1279 quid
1275 1231 1366 1269 aliud
1385 1243 1518 1279 petatur
1542 1239 1615 1279 (pe-

688 1282 774 1313 titur
800 1283 902 1325 App.)
929 1282 1074 1314 Consult.
1103 1284 1133 1324 5,
1158 1284 1187 1314 ἔ).
1217 1284 1246 1321 6,
1271 1284 1356 1314 5-7
1383 1283 1567 1326 Appendloe
1591 1285 1616 1324 l,

617 1389 660 1394 —
686 1372 740 1404 tit.
766 1373 804 1403 de
832 1372 1128 1404 calumniatoribus
1159 1372 1303 1404 Consult.
1322 1373 1353 1412 6,
1373 1373 1425 1404 20.

617 1435 660 1439 —-
685 1417 739 1449 tit.
758 1417 797 1448 de
811 1416 958 1449 familiae
972 1417 1211 1449 herciscundae
1226 1418 1411 1461 Appendioe
1430 1419 1455 1461 1,
1474 1418 1615 1452 12—15.

615 1461 685 1493 1.ΙΙ
712 1461 790 1494 Vat.
813 1463 886 1495 172.

627 1526 669 1530 --
707 1507 767 1538 sub
793 1508 848 1539 tit.
876 1508 913 1540 dc
941 1508 1092 1550 deposito
1121 1507 1198 1539 Coll.
1221 1508 1272 1547 10,
1291 1509 1320 1540 7.

627 1570 671 1575 —
708 1553 766 1584 sub
794 1554 846 1585 tit.
875 1553 913 1585 de
940 1554 1065 1595 nuptiis
1095 1553 1172 1585 Coll.
1192 1554 1223 1592 6,
1245 1553 1274 1584 3.

629 1615 672 1620 —-
709 1600 768 1630 sub
794 1598 847 1630 tit.
874 1599 913 1630 de
940 1599 1120 1630 adulteriis
1150 1597 1276 1638 Com-1,
1298 1599 1346 1632 12.
1374 1601 1405 1640 5,
1423 1600 1452 1631 2.

628 1661 671 1666 —-
708 1645 768 1675 sub
794 1644 849 1676 tit.
877 1645 915 1675 de
942 1643 1072 1676 furibus
1100 1643 1177 1676 Coll.
1199 1644 1229 1681 7,
1249 1646 1279 1676 5.

627 1706 671 1710 —
707 1689 761 1720 tit.
788 1698 829 1719 ex
855 1694 963 1731 empto
990 1694 1025 1721 et
1050 1690 1185 1721 uendito
1217 1689 1360 1721 Consulti.
1380 1690 1412 1729 6,
1431 1691 1460 1722 S.

616 1734 638 1766 1.
657 1732 698 1765 III
723 1734 778 1766 tit.
804 1734 843 1765 de
869 1735 1016 1766 institut.
1045 1735 1158 1767 hered.
1188 1734 1330 1766 Consult.
1350 1736 1381 1776 4,
1401 1735 1429 1767 S.

640 1798 683 1802 —
723 1779 775 1811 tit.
804 1779 843 1810 de
872 1780 992 1820 legatis
1021 1779 1167 1812 Consult.
1184 1780 1215 1821 6,
1234 1782 1263 1812 9.

618 1824 641 1856 Ι.
659 1823 717 1856 IIII
742 1825 800 1856 sub
828 1826 880 1856 tit.
900 1827 940 1857 de
960 1827 1198 1857 intestatorum
1217 1826 1488 1858 successionibus
1507 1826 1618 1865 (here—

740 1870 900 1902 ditatibus
933 1871 1037 1914 App.)
1078 1871 1154 1903 Coll.
1184 1871 1234 1912 16,
1266 1871 1285 1902 3
1318 1871 1502 1914 Appendioe
1537 1871 1566 1912 1,
1598 1873 1616 1904 7

742 1915 818 1946 —9.
850 1917 898 1947 17.

645 1979 688 1983 —
737 1961 796 1992 sub
820 1961 873 1992 tit.
892 1962 930 1992 de
948 1961 1091 1993 testibus
1112 1966 1145 1993 et
1163 1961 1416 2003 quaestionibus
1439 1962 1517 1995 Coll.
1537 1963 1567 2003 8,
1587 1963 1615 1995 3.

742 2007 773 2045 9,
800 2006 830 2038 3.

652 2068 694 2073 —-
747 2051 930 2095 Appendioe
952 2054 979 2092 1,
1000 2051 1050 2083 18.
1074 2052 1122 2084 19.

618 2096 677 2127 lib.
698 2097 725 2128 V
751 2097 811 2128 sub
838 2098 892 2129 tit.
918 2099 958 2129 ad
992 2097 1098 2138 legem
1130 2096 1322 2129 Corneliam
1354 2098 1392 2128 de
1422 2098 1558 2129 sicariis
1584 2102 1618 2130 et

746 2142 902 2174 ueneficis
923 2142 1001 2174 Coll.
1023 2145 1049 2182 1,
1070 2144 1099 2174 2.
1126 2143 1156 2174 4.
1185 2143 1215 2174 7.
1244 2143 1294 2174 13.
1322 2142 1352 2183 2,
1373 2144 1401 2174 7.
1428 2144 1458 2184 3,
1478 2143 1507 2174 2.
1535 2144 1566 2184 7,
1585 2143 1616 2175 2.

748 2187 778 2228 8,
795 2188 826 2219 4,
854 2189 884 2220 5.
914 2189 964 2228 14,
984 2189 1012 2219 2.

651 2250 694 2255 —
742 2233 802 2264 sub
829 2233 884 2264 tit.
912 2234 950 2265 de
977 2233 1231 2274 abigeatoribus
1260 2232 1339 2264 Coll.
1361 2233 1412 2273 ll,
1430 2233 1528 2264 2—5.

650 2296 693 2300 -—
741 2278 801 2309 sub
828 2279 882 2310 tit.
910 2279 948 2310 de
976 2278 1195 2310 incendiariis
1226 2277 1301 2310 Coll.
1324 2279 1374 2317 12,
1393 2279 1491 2310 2-4.

649 2341 693 2346 —-
740 2324 793 2356 tit.
820 2324 858 2355 de
893 2324 1032 2365 priuatis
1065 2329 1098 2355 et
1129 2323 1272 2366 publicis
1307 2324 1440 2356 iudiciis
1468 2323 1617 2356 Consult.

746 2369 777 2408 6,
803 2368 855 2400 21.

654 2432 697 2436 -
745 2414 798 2445 tit.
827 2415 865 2446 de
893 2425 927 2446 re
956 2415 1102 2446 iudicata
1129 2413 1307 2457 Appendzoe
1329 2416 1355 2454 1,
1375 2414 1426 2445 16.

352 2470 394 2492 ex
419 2469 560 2501 corpore
586 2460 833 2491 sententiarum
863 2460 1043 2502 Appende'ae
1062 2460 1091 2500 2,
1102 2459 1144 2493 .8.
1164 2460 1193 2490 9.

352 2524 394 2527 -
853 2505 891 2535 dc
918 2505 1184 2537 confessionibus
1210 2503 1394 2547 Appendt'oe
1412 2504 1443 2543 2,
1464 2503 1514 2535 10.

352 2569 394 2573 —
464 2569 507 2572 —
642 2565 759 2569 ——
852 2551 949 2582 sceda
984 2551 1022 2581 de
1054 2550 1302 2592 quaestionibus
1336 2550 1369 2580 in
1401 2547 1529 2581 familia
1560 2550 1619 2581 ha-

854 2596 970 2627 bendis
996 2600 1053 2627 aut
1079 2596 1108 2627 si
1134 2601 1210 2626 ante
1229 2595 1373 2626 habitam
1390 2594 1618 2635 quaestionem

853 2642 1024 2673 hereditas
1061 2640 1133 2672 eius
1172 2640 1227 2682 qui
1263 2639 1388 2670 dicitur
1419 2638 1618 2672 interfectus

855 2687 943 2718 adita
969 2685 1073 2718 fuerit
1091 2684 1272 2728 Appendioe
1290 2685 1320 2724 2,
1342 2685 1483 2718 15—17.

408 1207 522 1253 ll
405 938 524 1117 lm

403 1975 526 2118 lli
