1823 3016
655 188 773 192 —
837 169 921 211 227

1131 178 1245 205 GREG.
1268 179 1390 206 wtsIG.
1409 171 1443 214 4,
1465 170 1550 209 2—6,
1568 183 1593 207 2.

162 288 352 333 missum,
399 287 437 326 in
470 288 637 327 Falcidia
684 300 764 328 non
810 287 952 340 poterit
990 287 1188 339 imputari.
1251 299 1338 326 nam
1387 300 1448 334 ea,
1496 301 1593 339 quae

165 351 277 397 pater
309 345 425 383 uiuus
458 345 495 383 in
529 345 630 384 dotis
663 345 890 385 condicione
922 350 990 384 aut
1021 343 1245 396 promiserit
1276 350 1343 383 aut
1380 344 1594 391 tradiderit,

164 402 213 440 de
245 402 358 440 bonis
390 402 472 440 eius
505 408 713 453 antequam
750 407 970 440 moreretur
1001 400 1223 440 discessisse
1255 406 1294 439 et
1314 399 1478 440 alienata
1508 414 1594 440 esse

163 465 399 497 noscuntur.
461 458 599 498 similis
632 458 707 498 erit
737 465 776 498 et
807 459 852 497 de
885 458 1114 510 sponsalicia
1153 457 1362 497 donatione
1404 457 1592 497 condicio.

685 550 831 589 LIBER
863 550 1075 589 TERTIVS
1643 551 1663 585 5

508 619 537 655 V
584 619 642 658 De
674 619 918 670 petitione
950 618 1240 658 hereditatis

281 684 378 735 Imp.
411 684 631 723 Antoninus
664 687 706 723 A.
740 685 879 724 Pontio
911 686 1097 735 Ingenuo.
1159 684 1325 723 Fructus
1361 690 1451 723 ante
1482 684 1589 723 litem

165 747 424 780 contestatam
458 748 662 793 perceptos
687 742 806 780 malae
830 742 915 780 fidei
939 754 1184 793 possessores
1208 741 1412 781 restituere
1434 741 1592 793 placuit.

166 798 241 836 ΡΡ.
273 798 342 837 Xll
375 798 447 836 kal.
480 798 550 836 Iul.
584 798 726 837 Romae
759 799 911 838 duobus
944 798 1078 850 Aspris
1110 810 1238 837 conss.
1611 807 1636 826 a·
1657 801 1708 824 212

281 855 606 907 Interpretatione
638 868 716 894 non
748 862 845 906 eget.
1620 854 1662 887 10

554 935 603 973 VI
647 935 707 974 De
739 936 813 974 rei
845 935 1193 974 uindicatione

280 1003 376 1054 Imp.
410 1003 626 1042 Gordianus
659 1004 702 1041 A.
734 1004 890 1042 Aurelio
920 1004 1137 1042 Alexandro
1182 1003 1308 1042 militi.
1370 1003 1508 1042 Vincas
1550 1003 1590 1042 in

162 1060 289 1098 alieno
320 1072 410 1110 agro
443 1060 638 1099 institutas
661 1060 743 1099 solo
766 1062 902 1099 cedere
933 1068 984 1104 et,
1015 1062 1045 1099 si
1069 1074 1087 1099 3
1113 1061 1233 1099 malae
1254 1060 1342 1098 fidei
1364 1073 1591 1112 possessore

163 1117 201 1156 id
235 1119 379 1155 factum
412 1116 473 1161 sit,
506 1124 686 1168 sumptus
724 1130 768 1155 eo
809 1116 967 1156 nomine
1008 1124 1185 1167 erogatos
1224 1130 1294 1168 per
1331 1118 1588 1156 retentionem

156 1173 312 1212 seruari
349 1185 427 1211 non
470 1186 582 1224 posse
627 1173 871 1224 incognitum
918 1186 996 1212 non
1044 1181 1115 1213 est.
1183 1174 1258 1212 ΡΡ.
1291 1173 1361 1212 ΙΙΙΙ
1398 1174 1435 1212 id
1476 1174 1587 1213 Mart.
1621 1181 1660 1216 15

161 1230 288 1269 Attico
321 1236 359 1268 et
388 1229 634 1269 Praetextato
666 1243 792 1269 conss.
1609 1254 1634 1272 a.
1654 1248 1706 1272 242

276 1287 562 1338 Interpretatio.
608 1287 648 1326 Si
679 1287 767 1338 quis
799 1288 933 1326 uineas
964 1287 1004 1326 in
1036 1287 1157 1326 aliena
1190 1292 1293 1326 terra
1325 1286 1511 1339 posuerit,
1543 1286 1590 1326 ad

161 1344 272 1383 illum
307 1343 390 1382 sine
422 1343 540 1383 dubio
571 1343 834 1395 pertinebunt,
867 1344 978 1383 cuius
1012 1350 1113 1383 terra
1146 1357 1231 1382 esse
1262 1344 1462 1396 probatur.
1523 1343 1590 1395 qui

162 1401 195 1439 si
227 1401 352 1439 solum
387 1400 565 1440 nesciens
596 1401 784 1448 alienum,
824 1401 916 1440 dum
951 1414 1039 1440 eum
1073 1401 1173 1440 bona
1205 1401 1278 1439 fide
1311 1414 1351 1439 se
1383 1400 1590 1440 crediderit

162 1457 375 1509 possidere,
423 1464 605 1509 sumptus
651 1471 749 1508 quos
794 1457 834 1496 in
879 1458 973 1509 ipsis
1017 1457 1142 1496 uineis
1193 1458 1383 1509 ponendis
1433 1458 1524 1497 fecit
1568 1470 1588 1496 3
1616 1461 1661 1496 20

163 1515 323 1554 domino
369 1520 491 1553 terrae
533 1515 709 1566 recipiat:
757 1515 789 1553 si
826 1528 919 1553 uero
959 1515 1086 1553 sciens
1117 1515 1157 1552 in
1189 1515 1313 1553 alieno
1354 1514 1504 1566 posuit,
1552 1521 1590 1554 et

164 1572 298 1611 uineas
331 1570 511 1609 restituat
543 1580 581 1610 et
612 1584 799 1623 expensas
832 1571 986 1623 penitus
1020 1584 1098 1610 non
1130 1571 1313 1622 requirat.

277 1629 375 1680 Imp.
414 1627 617 1680 Philippus
656 1630 699 1666 A.
738 1635 775 1667 et
812 1628 1015 1680 Philippus
1054 1628 1094 1667 C.
1126 1628 1282 1667 Aurelio
1317 1627 1512 1667 Victorino
1552 1633 1590 1667 et

164 1685 292 1725 Marco
326 1693 363 1724 et
395 1684 556 1724 Valerio.
618 1685 845 1724 Aedilicium
878 1686 916 1724 in
957 1686 1079 1724 alieno
1117 1698 1208 1736 agro
1245 1691 1466 1724 extructum
1507 1685 1589 1724 solo

162 1743 299 1782 cedere
337 1750 599 1793 sumptusque
636 1755 680 1781 eo
718 1743 877 1781 nomine
923 1744 1044 1781 factos
1091 1755 1168 1781 non
1215 1742 1290 1780 nisi
1333 1742 1453 1781 bonae
1499 1741 1588 1781 fidei
1616 1745 1660 1780 25

161 1805 380 1851 emptorem
416 1812 484 1850 pet
515 1799 774 1838 retentionem
807 1812 921 1851 posse
954 1811 1110 1838 seruare
1142 1798 1352 1838 certissimi
1390 1799 1485 1838 iuris
1517 1804 1587 1838 est.

162 1856 237 1895 ΡΡ.
271 1857 344 1895 kal.
379 1856 561 1895 Oct...
595 1869 722 1895 conss.
1600 1860 1722 1920 {²413ss

222 1925 450 1986 ‘mdotes
415 1955 452 1985 P.
468 1925 733 1996 lis-”brom‘l‘fflt
735 1924 1093 1997 bwfffssgadldlt
1050 1954 1128 1987 Pls.
1168 1925 1199 1996 ΙΙ
1200 1925 1232 1931 J
1240 1954 1258 1985 3
1258 1925 1475 1986 31130113
1437 1952 1472 1986 G
1494 1924 1526 1995 ΙΙ
1568 1954 1587 1985 6

162 2000 429 2043 repetitioneV
483 1998 494 2042 ΙΙ
550 2001 565 2030 Τ
600 2001 674 2041 imp.
702 2010 765 2032 om.
791 1998 826 2031 G.
880 1999 890 2042 ΙΙ
944 1999 1161 2040 3111031351),
1194 2000 1430 2031 constantinus
1453 1998 1522 2031 GV.
1576 1997 1587 2041 ΙΙ

162 2046 280 2087 pontio
306 2055 370 2077 om.
389 2046 434 2077 P:
467 2045 599 2077 aurelio
628 2046 741 2087 pontio
768 2044 867 2077 editio
895 2045 1025 2077 Οιιίαοιί
1052 2045 1149 2077 1566.
1184 2044 1195 2088 ΙΙ
1230 2046 1248 2077 S
1275 2049 1503 2077 contestatum
1523 2044 1559 2076 l
1558 2052 1587 2076 a,

162 2090 174 2134 ΙΙ
194 2091 384 2134 praeceptis
411 2090 468 2130 Ga,
494 2097 694 2133 praeceptus
722 2090 774 2123 Gb.
822 2090 834 2133 ΙΙ
882 2092 900 2122 9
933 2093 996 2133 pp.]
1023 2102 1052 2133 p.
1082 2090 1117 2123 G.
1162 2090 1172 2134 ΙΙ
1215 2102 1295 2122 rom.
1321 2092 1359 2123 P.
1400 2090 1411 2134 ΙΙ
1456 2091 1495 2122 10
1526 2090 1587 2121 int.

163 2148 194 2168 n.
221 2147 248 2168 e.
275 2147 338 2169 om.
363 2134 435 2175 GV,
463 2137 518 2168 ist.
546 2137 628 2177 intp.
656 2148 719 2168 non
745 2137 849 2176 indig.
868 2136 904 2169 P.
939 2137 950 2179 ΙΙ
986 2139 1020 2170 11
1052 2137 1091 2168 de
1109 2137 1304 2178 requirendi
1325 2138 1482 2168 cautione
1501 2136 1537 2167 P.
1575 2135 1586 2178 ΙΙ

165 2184 205 2216 12
243 2182 428 2214 alexandro
458 2182 498 2222 Ρ,
538 2181 719 2214 alebrando
752 2181 786 2221 G,
820 2182 996 2213 alibrando
1028 2181 1071 2214 V.
1113 2181 1124 2225 ΙΙ
1170 2182 1208 2214 13
1234 2182 1438 2214 constitutas
1468 2182 1505 2220 P,
1538 2181 1589 2212 in-

162 2229 286 2260 stituta
303 2228 344 2260 V.
387 2226 396 2269 ΙΙ
440 2226 640 2270 οπεάετθζγ.
676 2226 686 2270 ΙΙ
721 2232 753 2259 et
779 2238 841 2259 om.
863 2226 904 2259 V.
938 2226 948 2269 ΙΙ
985 2228 1013 2259 si
1039 2238 1102 2259 om.
1128 2226 1164 2260 G.
1207 2228 1220 2270 ΙΙ
1264 2229 1305 2260 14
1331 2230 1381 2266 eo]
1408 2228 1482 2259 eius
1502 2225 1535 2258 G.
1574 2226 1585 2267 ΙΙ

163 2278 324 2314 erogatus
346 2272 381 2310 G,
410 2283 452 2304 ex
470 2273 507 2304 P.
558 2271 567 2314 ΙΙ
619 2275 807 2305 retentione
823 2273 863 2304 P.
914 2272 924 2315 ΙΙ
977 2275 1015 2306 15
1043 2274 1151 2315 possit
1170 2272 1206 2306 G.
1260 2272 1270 2316 ΙΙ
1322 2272 1364 2305 ΙΙΙ
1389 2273 1429 2305 Ρ.
1482 2270 1492 2314 ΙΙ
1548 2274 1587 2305 16

163 2320 284 2358 attico]
322 2319 410 2351 tacio
448 2316 484 2350 G.
542 2316 551 2359 ΙΙ
613 2319 651 2351 17
689 2319 852 2359 posuerit]
888 2319 1097 2359 plantauerit
1129 2319 1171 2351 P.
1226 2317 1235 2360 ΙΙ
1293 2319 1331 2350 18
1370 2318 1588 2360 pertinebunt

163 2363 361 2406 Sielzardus,
388 2364 573 2406 pertinebit
598 2363 699 2396 GPV.
747 2364 757 2406 ΙΙ
804 2365 842 2396 19
869 2364 944 2395 dum
975 2375 1047 2395 eum
1073 2366 1160 2403 (cum
1179 2365 1222 2404 P)
1339 2364 1380 2395 20
1407 2365 1501 2405 quos]
1526 2374 1587 2394 ezc-

163 2413 271 2452 pectes
296 2410 389 2452 fere:
414 2420 508 2441 suum
534 2419 570 2440 se
595 2411 685 2442 cred.
713 2421 812 2452 poss.
844 2414 992 2452 sumptus
1024 2420 1105 2451 quos
1132 2410 1215 2441 bona
1243 2410 1315 2441 fide.
1370 2409 1379 2451 ΙΙ
1432 2409 1588 2440 crederet

251 2454 263 2497 ΙΙ
304 2456 346 2486 20
372 2460 520 2496 sumptos
544 2455 583 2494 P,
609 2460 734 2497 sumpt
721 2473 769 2488 m*
790 2454 851 2487 Vl.
904 2456 917 2495 ΙΙ
970 2456 1142 2487 uineasP.
1193 2454 1203 2497 ΙΙ
1254 2456 1292 2486 21
1322 2455 1468 2486 alienum
1496 2452 1532 2485 G.
1575 2453 1585 2496 ΙΙ

164 2455 208 2532 22
234 2501 392 2542 expensis
419 2499 454 2541 G,
488 2510 666 2542 expensam
694 2500 736 2532 V
782 2502 795 2541 ΙΙ
843 2500 884 2532 23
911 2501 1000 2541 imp]
1027 2501 1204 2542 interpret.
1226 2499 1260 2532 G.
1314 2500 1324 2543 ΙΙ
1378 2500 1530 2542 philppus
1556 2510 1585 2531 a.

165 2545 224 2578 Ga
268 2545 278 2588 ΙΙ
322 2548 361 2585 0.]
395 2556 489 2578 cesas
516 2544 573 2577 G‘
615 2544 624 2586 ΙΙ
667 2551 701 2578 et
732 2556 843 2578 marco
875 2548 919 2585 et]
947 2545 1021 2585 PV,
1054 2556 1166 2578 marco
1194 2551 1226 2578 et
1253 2544 1292 2577 G:
1326 2550 1359 2577 et
1384 2555 1495 2576 marco
1522 2555 1585 2577 scr.

166 2590 177 2633 ΙΙ
221 2591 264 2622 24
288 2592 434 2623 alienum
459 2601 574 2631 agrum
597 2591 652 2623 Gt.
700 2590 709 2621 Ι
759 2596 921 2623 structum
940 2591 980 2623 P.
1026 2590 1036 2633 ΙΙ
1083 2592 1122 2623 25
1155 2596 1366 2633 snmptosque
1393 2591 1430 2625 P
1461 2590 1587 2632 subque

166 2636 210 2668 V.
265 2634 275 2677 ΙΙ
329 2639 379 2676 eo]
407 2638 479 2668 eius
506 2635 541 2668 G.
595 2637 605 2679 ΙΙ
652 2636 760 2668 factus
785 2637 824 2668 P.
871 2635 880 2678 ΙΙ
930 2637 1006 2685 nisi]
1034 2637 1063 2668 si
1087 2638 1125 2668 P.
1173 2636 1184 2679 ΙΙ
1233 2637 1273 2668 27
1302 2641 1366 2668 oct.
1413 2660 1446 2668 ..
1476 2646 1554 2667 cons
1559 2647 1585 2667 s.

162 2683 299 2724 sc‘rzpst',
332 2687 396 2713 oct.
428 2693 536 2714 conss.
558 2680 594 2722 G,
634 2688 697 2714 oct.
723 2681 790 2714 PV
788 2690 816 2722 1,
854 2682 940 2714 octb.
973 2694 1008 2714 cc
1033 2683 1116 2714 sstis
1136 2682 1201 2714 lb:
1239 2682 1287 2724 cf.
1325 2681 1437 2713 Codex?
1466 2681 1586 2714 lustin.

159 2728 277 2770 praef.
302 2738 335 2771 p.
353 2727 458 2759 XXX
483 2730 548 2759 not.
569 2728 597 2759 2.

1307 2783 1372 2819 15τὶς
