1828 3011
110 256 143 298 4,
158 268 201 297 12,
215 268 230 292 4

252 141 445 168 connum
465 131 498 176 4,
518 131 621 174 12-5‚
641 144 665 168 3.
737 157 854 161 ——
919 132 1001 172 154
1062 156 1179 160 —

255 255 413 302 excepta
451 262 582 297 uxore,
629 262 744 301 quam
782 249 1022 302 prohibetur,
1060 248 1233 287 occidere
1272 253 1412 299 potest.
1463 247 1661 295 maritum,

253 306 320 358 qui
353 319 511 345 uxorem
544 307 821 358 deprehensam
861 318 950 344 cum
987 305 1162 344 adultero
1193 305 1343 351 occidit,
1376 304 1464 356 quia
1495 305 1569 343 hoc
1598 304 1662 343 in-

253 363 438 415 patientia
487 363 579 402 iusti
617 363 759 401 doloris
790 362 959 407 admisit,
990 362 1114 399 lenius
1145 361 1275 412 puniri
1305 361 1460 413 placuit.
1533 360 1661 400 occiso

251 420 425 459 adultero
476 420 671 458 dimittere
716 419 845 458 statim
895 418 1056 456 maritus
1103 417 1216 455 debet
1261 429 1420 456 uxorem
1457 423 1574 468 atque
1609 417 1661 456 ita

252 477 380 515 triduo
419 476 596 527 proximo
626 475 810 527 profiteri,
843 487 931 513 cum
975 486 1053 525 quo
1097 473 1271 512 adultero
1317 480 1355 512 et
1399 474 1437 512 in
1468 487 1545 525 quo
1576 474 1660 512 loco
1686 475 1708 510 5

254 545 415 572 uxorem
448 531 756 583 deprehenderit.
814 531 972 569 inuenta
1003 531 1043 568 in
1067 530 1255 569 adulterio
1278 543 1396 569 uxore
1423 530 1587 569 maritus
1608 530 1661 569 ita

253 590 410 628 demum
456 589 672 627 adulterum
720 587 893 626 occidere
938 592 1078 638 potest,
1127 586 1158 624 si
1203 599 1291 625 eum
1333 587 1438 625 domi
1469 599 1560 625 suae
1591 587 1660 626 de-

251 645 477 697 prehendat.
539 657 641 689 eum,
673 644 739 695 qui
770 644 809 682 in
841 643 1029 682 adulterio
1071 643 1350 694 deprehensam
1391 655 1550 681 uxorem
1583 655 1662 681 non

252 702 381 740 statim
415 701 618 747 dimiserit,
650 713 761 739 reum
793 699 974 738 lenocinii
1012 699 1202 751 postulari
1232 699 1387 750 placuit.
1434 699 1536 738 serui
1568 712 1662 738 uero

252 764 330 796 tam
362 758 491 796 mariti
522 770 637 808 quam
671 756 803 795 uxoris
849 757 886 794 in
932 768 1046 794 causa
1085 756 1249 794 adulteri
1281 755 1453 806 torqueri
1482 761 1660 808 possunt,
1692 757 1734 791 10

251 827 322 853 nec
351 814 411 853 his
441 814 597 853 libertas
629 814 702 853 sub
733 813 860 865 specie
890 812 1134 864 impunitatis
1166 813 1253 851 data
1284 811 1438 851 ualebit.

806 976 1020 1021 <T1Tvas
1049 976 1104 1019 v>

648 1041 719 1081 DE
762 1041 1260 1082 STVPRATORIBVS.

306 1121 446 1147 moyses
478 1107 590 1147 dicit:

362 1165 435 1212 Qui
484 1164 669 1203 manserit
714 1176 802 1203 cum
849 1164 1021 1203 masculo
1067 1163 1269 1203 mansione
1300 1161 1492 1210 muliebri,
1525 1174 1659 1214 asper-
1690 1168 1731 1202 15

249 1228 478 1260 namentum
511 1227 587 1260 est:
619 1221 733 1259 ambo
765 1221 994 1267 moriantur,
1027 1221 1082 1259 rei
1113 1227 1217 1259 sunt.

307 1291 447 1317 PAVLVS
477 1278 574 1316 libro
606 1277 886 1316 sententiarum
919 1277 950 1316 ll
981 1277 1053 1316 sub
1084 1277 1196 1316 titulo
1228 1277 1274 1315 de
1305 1275 1512 1314 adulteris:

361 1335 436 1381 Qui
455 1334 670 1373 masculum
687 1334 850 1372 liberum
870 1334 1038 1372 inuitum
1058 1332 1306 1385 stuprauerit‚
1323 1332 1447 1383 capite
1462 1332 1661 1384 punietur.

248 1391 316 1442 qui
366 1391 564 1429 uoluntate
616 1403 684 1429 sua
729 1396 910 1441 stuprum
964 1390 1229 1440 flagitiumque
1279 1389 1464 1440 inpurum
1502 1388 1660 1440 patitur,

250 1447 406 1486 dimidia
437 1453 544 1498 parte
575 1447 767 1485 bonorum
801 1459 962 1485 suorum
995 1446 1183 1485 multatur
1212 1458 1284 1484 nec
1314 1450 1594 1484 testamentum
1626 1445 1660 1484 ei
1687 1451 1731 1486 20

248 1517 295 1543 ex
325 1503 469 1542 maiore
500 1509 608 1554 parte
640 1505 764 1541 facere
795 1503 895 1541 licet.

309 1561 387 1599 Hoc
423 1560 578 1611 quidem
621 1559 717 1598 iuris
758 1565 833 1598 est:
880 1564 1052 1598 mentem
1094 1565 1223 1597 tamen
1259 1558 1352 1609 legis
1384 1557 1506 1609 Moysi
1533 1557 1663 1610 impe-

305 1616 444 1655 ratoris
475 1616 682 1655 Theodosii
713 1615 940 1654 constitutio
971 1615 1018 1654 ad
1048 1616 1206 1667 plenum
1239 1621 1371 1654 secuta
1401 1614 1663 1666 cognoscitur.

309 1672 426 1726 <item
459 1669 804 1724 Theodosianus>:

339 1757 365 1778 c.
396 1747 447 1785 12,
473 1748 504 1778 4.
522 1748 539 1777 5
558 1761 602 1772 =
618 1745 748 1779 Paulus
774 1746 805 1786 2,
830 1746 884 1786 26,
911 1746 939 1777 5.
958 1746 977 1777 6
1004 1747 1063 1785 (ew
1087 1744 1177 1777 codd.
1202 1745 1390 1778 Vesontino
1414 1747 1445 1776 et
1469 1744 1662 1784 Vaticano).

339 1802 365 1823 c.
395 1792 445 1833 12,
473 1792 502 1823 6.
525 1793 541 1822 7
560 1807 603 1817 =
621 1790 750 1824 Paulas
775 1792 806 1831 2,
833 1792 884 1832 26,
913 1791 942 1822 7.
963 1791 992 1822 8.

337 1848 365 1869 c.
394 1838 446 1878 12,
471 1838 490 1868 8
515 1838 592 1868 hinc
615 1840 694 1869 rest
723 1835 854 1868 Paulus
876 1816 909 1876 ⁷2,
936 1836 988 1875 26,
1014 1837 1045 1868 9.

337 1893 365 1914 c.
395 1883 420 1914 1.
467 1880 675 1922 Emitte-,20,
697 1882 751 1913 13:
770 1878 809 1917 ὃς
826 1878 872 1915 ἂν
887 1880 1045 1931 κοιμηθῇ
1061 1878 1153 1924 μετὰ
1172 1876 1324 1931 ἄρσειος
1340 1881 1464 1921 κοίτην
1478 1876 1663 1922 γυναικός,

245 1925 427 1970 βδέλυγμα
450 1926 628 1968 ἐποίησαν
649 1924 869 1971 ἀμφότεροι·
905 1923 1052 1968 θαιάτω
1069 1921 1398 1966 9-ανατούσθωσαν,
1424 1925 1547 1968 ἔνοχοί
1559 1925 1660 1957 εἰσιν.

338 1973 423 2014 c.2‚
452 1975 465 2006 1
486 1988 530 1999 =
547 1973 677 2004 Paulas
705 1973 736 2013 2,
762 1974 815 2012 26,
844 1972 882 2006 12
909 1982 954 2003 ew
980 1971 1070 2003 codd
1095 1972 1273 2004 Vesonlz'no
1297 1974 1327 2003 et
1353 1970 1389 2003 7
1387 1973 1527 2003 atzcano

338 2029 365 2049 c.
392 2018 424 2060 2,
450 2018 469 2049 2
494 2019 571 2050 ltine
595 2021 674 2050 r.est
701 2018 830 2049 Paulus
856 2019 886 2056 2,
914 2017 1047 2057 26,13.

428 2075 461 2082 ω-
462 2075 541 2082 κωνν
561 2075 801 2082 -ΗΛἯΙΝΜΛ
802 2075 876 2081 ΝΜ
877 2075 907 2081 κ
909 2075 990 2081 ΝΜ
991 2074 1055 2081 Λαω
1055 2074 1136 2081 ΜΨ
1137 2074 1217 2081 ΜΛΝ

341 2099 355 2130 1
381 2109 519 2130 uxorem
541 2076 648 2140 1711
690 2099 832 2130 maxitus
863 2097 951 2135 libri,
984 2100 1087 2130 etiam
1114 2098 1224 2130 Pauli.
1265 2096 1277 2141 ΙΙ
1318 2099 1337 2129 2
1363 2098 1603 2139 deprehensum
1621 2096 1660 2128 B.

247 2141 263 2186 Η
291 2144 523 2185 inpatientiam
544 2144 600 2176 W.
643 2142 654 2186 {l
693 2145 712 2175 6
739 2145 874 2176 inuenta
900 2144 944 2184 in]
972 2144 1142 2176 inuentam
1161 2144 1198 2175 Β.
1233 2141 1243 2185 Ι]
1276 2153 1414 2175 uxorem
1431 2142 1470 2180 B,
1496 2152 1583 2173 uxor
1602 2142 1660 2174 11.

250 2187 265 2231 ΙΙ
303 2190 459 2221 maritum
479 2189 535 2222 W.
577 2188 588 2231 ΙΙ
633 2191 649 2220 7
685 2190 886 2228 adulterum]
920 2190 1109 2221 adulterum
1144 2189 1283 2220 maritus
1313 2187 1413 2230 (-tu1n
1439 2166 1504 2229 IV)
1534 2186 1661 2228 BVW,

246 2244 310 2266 om.
337 2234 476 2266 Paulus.
530 2233 540 2276 Η
595 2237 681 2274 eum]
714 2235 903 2266 adulterum
929 2234 1070 2266 Paulas.
1124 2232 1134 2276 Ι]
1188 2234 1298 2265 domui
1334 2233 1420 2266 libri.
1473 2231 1484 2275 ΙΙ
1538 2233 1556 2264 8
1593 2233 1660 2274 qui]

247 2289 308 2321 que
335 2280 377 2312 V.
434 2278 444 2321 ΙΙ
497 2280 517 2311 9
547 2280 676 2311 dimisit
700 2279 841 2311 Paulus.
895 2278 906 2322 ΙΙ
963 2283 1000 2313 10
1025 2280 1103 2320 tam]
1132 2284 1167 2311 ta
1193 2279 1236 2312 V.
1278 2279 1289 2319 Η
1330 2279 1490 2310 adulterii
1514 2277 1602 2310 BW.
1641 2276 1657 2321 Η

248 2327 285 2357 11
314 2325 437 2367 specie]
465 2336 520 2367 spe
546 2325 718 2357 Pithoeus.
759 2323 770 2367 Η
811 2325 918 2356 datam
937 2325 1011 2357 BV.
1054 2324 1064 2367 ΙΙ
1099 2324 1240 2356 malebit
1259 2322 1315 2356 W.
1356 2323 1366 2366 ΙΙ
1412 2324 1449 2356 15
1475 2324 1662 2355 manserint

247 2369 304 2402 W.
339 2370 351 2411 ΙΙ
383 2371 586 2402 mansionem
614 2370 670 2403 W.
706 2369 717 2412 ΙΙ
751 2371 883 2402 mulieri
908 2370 936 2402 B
961 2370 1055 2411 (ind.)
1097 2369 1107 2411 ΙΙ
1146 2374 1413 2412 apernamentum
1438 2368 1481 2407 V,
1506 2369 1661 2411 leperna-

246 2421 390 2447 mentum
419 2415 474 2448 17
517 2414 529 2456 Η
573 2417 612 2448 16
637 2417 802 2447 moriatur
828 2416 869 2448 V.
912 2415 923 2458 ΙΙ
964 2417 1027 2455 rei]
1053 2416 1129 2457 quia
1155 2416 1204 2447 rei
1225 2414 1280 2447 17.
1315 2413 1325 2457 ΙΙ
1363 2415 1401 2446 17
1427 2414 1545 2456 paulus
1570 2414 1659 2446 libro

246 2465 330 2492 sent.
361 2461 387 2492 ii
412 2462 473 2500 (sic
499 2461 528 2493 B
549 2460 632 2502 md,
665 2471 729 2492 om.
754 2461 782 2492 B
807 2463 907 2501 text.)
933 2471 958 2492 s.
984 2466 1008 2493 t.
1036 2462 1074 2492 de
1100 2462 1149 2492 ad.
1169 2461 1207 2500 B,
1238 2461 1317 2492 item
1344 2461 1383 2491 de
1409 2459 1589 2491 adulteriis
1614 2459 1660 2500 V,

245 2506 332 2537 idem
357 2507 435 2545 (om.
461 2506 533 2545 761.)
553 2506 610 2538 17.
650 2507 663 2547 Η
707 2506 745 2538 18
771 2507 982 2547 stiupauerit
1009 2502 1050 2538 V.
1088 2504 1099 2547 Η
1133 2507 1300 2548 punietur]
1325 2504 1365 2545 Β,
1388 2506 1546 2546 puniatur
1564 2503 1659 2545 VW,

245 2552 383 2593 punitur
407 2552 545 2583 Paulus.
594 2554 605 2594 l}
652 2552 692 2584 19
726 2552 932 2583 uoluntatem
959 2562 1050 2583 suam
1076 2557 1245 2593 struprum
1271 2550 1314 2583 V
1363 2548 1374 2591 ΙΙ
1422 2550 1464 2581 20
1490 2550 1659 2582 dimidiam

246 2601 338 2637 paret
342 2607 371 2627 m
398 2596 492 2629 VW.
538 2595 549 2639 Η
594 2598 773 2628 multarum
801 2596 857 2629 11.
907 2595 917 2638 Ι]
966 2597 1003 2628 21
1042 2598 1147 2638 parte]
1179 2600 1317 2627 martem
1336 2595 1393 2628 ll.
1436 2594 1446 2637 ΙΙ
1488 2595 1530 2627 23
1555 2596 1659 2627 costi—

245 2642 333 2672 tutio
353 2641 394 2674 V.
428 2641 438 2683 ΙΙ
472 2643 688 2682 cogooscitur
705 2643 757 2674 l'sb
761 2667 767 2673 .
801 2641 812 2684 [Ι
847 2642 889 2673 24
906 2643 985 2674 item
1004 2641 1242 2675 theodosianus
1261 2641 1360 2682 (idem
1378 2640 1659 2672 theodosianusB

245 2686 327 2727 incl.)
352 2688 537 2720 insiticium
563 2689 610 2726 (ιι.
632 2699 666 2731 p.
687 2688 776 2728 127).

247 2075 307 2082 »νᾳ-ω
