1855 2957
158 246 292 286 caudis
311 245 583 285 donationibus
606 245 780 285 condicio
802 258 878 285 non
900 244 1254 296 comprehendatur
1271 257 1349 283 non
1372 245 1578 285 coniuncto
1608 255 1733 295 ΡῙΑΡΙΝ.
1755 256 1786 282 L,

159 303 407 343 matrimonio
440 315 518 341 non
551 302 776 354 perficiendi
807 301 1069 342 contractusl.
1096 326 1137 341 ω
1605 291 1668 318 ΜῙ·
1690 292 1792 318 RESP·

62 367 133 402 263
159 361 270 400 Item.
329 359 422 398 Eam
455 373 553 411 quae
586 360 685 399 bona
717 373 786 399 sua
823 359 911 398 filiis
942 371 1012 410 per
1043 358 1250 410 epistulam
1283 358 1377 397 citra
1412 358 1579 409 stipula-

159 418 305 457 tionem
353 417 524 463 donauit‚
573 417 604 455 si
650 430 776 468 neque
822 416 1109 469 possessionem
1157 427 1289 453 rerum
1337 415 1578 464 singularum

159 474 318 514 tradidit
348 486 474 525 neque
497 486 566 525 per
587 474 913 526 mancipationem
937 473 1183 525 praediorum
1208 472 1426 511 dominium
1451 478 1578 510 trans—

158 532 249 570 tulit
294 543 365 569 nec
403 531 643 582 interpositis
675 530 981 581 delegationibus
1019 536 1086 569 aut
1123 529 1316 568 inchoatis
1349 528 1483 567 litibus
1515 542 1580 568 ac-

159 588 285 627 tiones
318 588 492 632 nouauit,
525 588 622 627 nihil
653 589 777 639 egisse
808 588 964 640 placuit.
1005 611 1047 626 ω

61 649 131 683 264
158 645 269 684 Item.
331 645 517 691 Matrem,
564 658 662 696 quae
695 645 779 684 sine
811 645 952 684 tutoris
983 643 1215 683 auctoritate
1247 642 1326 681 filio
1359 641 1580 681 donationis

155 715 273 742 causa
304 708 530 753 praesentes
562 715 699 741 seruos
733 702 926 754 mancipio
948 701 1065 749 dedit,
1097 700 1307 752 perfecisse
1330 699 1579 738 donationem

157 760 349 811 apparuit.
379 784 421 798 Ν

37 825 131 859 2643
157 816 388 856 Pollicitatio
420 816 642 855 donationis
673 816 776 855 inter
806 815 982 867 priuatos
1015 815 1094 854 uim
1129 813 1375 865 obligationis
1407 825 1485 852 non
1518 813 1581 851 in-

157 874 264 913 ducit
278 874 306 911 2.

60 937 130 972 265
157 931 269 970 Item.
330 930 481 969 Aurum
514 936 553 969 et
583 935 808 980 argentum,
847 929 951 979 quod
982 928 1021 966 in
1054 940 1095 966 re
1124 927 1321 980 praesenti
1352 926 1439 973 fuit,
1472 932 1583 978 pater

156 989 234 1027 silio
266 987 328 1026 sui
358 987 454 1026 iuris
487 986 648 1038 donauit
679 986 840 1037 eiusque
872 985 1161 1036 possessionem
1196 984 1378 1023 traditam
1411 996 1496 1022 esse
1518 984 1582 1022 in-

156 1050 378 1084 strumento
409 1044 535 1095 palam
568 1043 676 1082 fecit:
709 1055 787 1082 non
816 1042 959 1081 idcirco
982 1042 1232 1081 donationem
1256 1041 1414 1080 inritam
1440 1042 1580 1079 factam

155 1100 397 1147 existimaui,
444 1101 547 1151 quod
593 1112 708 1139 usum
749 1100 927 1138 omnium
971 1111 1104 1138 rerum
1144 1098 1247 1149 apud
1285 1104 1436 1149 patrem
1479 1097 1581 1136 filius

157 1158 328 1210 reliquit.
352 1183 395 1198 N

59 1221 131 1256 266
161 1216 342 1267 leianus
386 1214 486 1253 libro
516 1214 533 1253 I
578 1214 624 1253 ad
671 1213 842 1253 edictum
876 1213 922 1252 de
953 1212 1070 1251 rebus
1102 1211 1273 1250 creditis.
1334 1210 1578 1250 Indebitum3
1608 1215 1799 1256 vepmxvs

155 1274 328 1312 solutum
362 1272 573 1323 accipimus
605 1284 684 1310 non
718 1271 844 1310 solum
868 1270 901 1309 si
924 1269 1085 1309 omnino
1107 1281 1184 1308 non
1218 1268 1471 1313 debebatur4,
1511 1268 1577 1306 sed
1594 1251 1808 1314 Λῖζὲόῖζῖ,

153 1338 193 1369 et
225 1331 257 1369 si
288 1342 357 1381 per
388 1329 560 1380 aliquam
593 1328 860 1380 exceptionem
895 1327 975 1379 peti
1007 1339 1087 1365 non
1117 1333 1293 1378 poterat,
1326 1325 1365 1364 id
1397 1331 1457 1364 est
1488 1338 1577 1376 per-
1613 1323 1786 1385 Ῑὺἑὶῐέξὲ·

154 1393 314 1439 petuam
360 1386 644 1437 exceptionem.
720 1398 840 1436 quare
887 1385 961 1423 hoc
991 1397 1147 1435 quoque
1179 1382 1305 1435 repeti
1336 1383 1498 1434 poterit,
1547 1382 1578 1420 si
1644 1380 1780 1421 (meo.⁷

150 1444 244 1496 vquis
275 1451 462 1496 perpetua
495 1444 720 1494 exceptione
752 1449 862 1481 tutus
894 1441 1069 1480 soluerit.
1121 1440 1224 1479 unde
1259 1440 1291 1479 si
1322 1440 1410 1491 quis
1444 1445 1579 1478 contra

154 1502 279 1552 legem
313 1500 482 1540 Cinciam
532 1500 725 1550 obligatus
772 1511 852 1538 non
898 1505 1059 1549 excepto
1092 1498 1265 1541 soluerit,
1310 1496 1473 1535 debuit5
1506 1495 1585 1535 dici

156 1557 355 1610 repetere⁶
389 1569 477 1596 eum
511 1569 638 1608 posse,
671 1569 759 1595 nam
794 1568 949 1607 semper
980 1555 1204 1606 exceptione
1237 1553 1389 1594 Cinciae
1423 1553 1479 1592 uti
1511 1566 1582 1604 po-

159 1616 248 1661 tuit,
280 1614 376 1654 nec⁷
411 1614 536 1653 solum
570 1614 665 1666 ipse,
697 1626 852 1660 uerum,
885 1619 928 1651 ut
959 1612 1203 1651 Proculeiani
1234 1617 1369 1650 contra
1401 1610 1583 1649 Sabinia-

155 1673 248 1712 nos8
290 1678 440 1724 putant,
489 1671 603 1710 etiam
638 1670 782 1722 quiuis,
822 1670 933 1722 quasi
966 1669 1165 1722 popularis
1197 1668 1246 1707 sit
1279 1669 1372 1707 haec
1394 1667 1583 1718 exceptio,

0 0 7 215 ξ
158 138 210 166 DE
231 126 549 170 DouA'rtoumvs>
666 151 783 155 —
846 127 900 168 83
964 152 1080 155 -—
1243 136 1330 163 ΠΤ.
1351 136 1406 162 Fa.
1427 139 1579 165 «ωε-266.

1 502 3 525 l

251 1812 279 1833 c.
300 1801 365 1833 266
390 1816 434 1826 =
458 1800 536 1842 Dig.
567 1800 618 1840 12,
644 1799 676 1840 6,
701 1799 755 1839 26,
780 1798 811 1830 3.
858 1798 1025 1840 leianus
1052 1798 1075 1829 l.
1094 1796 1210 1829 XXVI
1235 1797 1275 1828 ad
1302 1796 1351 1828 ed.
1399 1794 1586 1828 Indebitum

155 1852 271 1880 autem
297 1847 445 1878 solutum
463 1864 504 1868 —
524 1846 580 1877 sed
608 1850 642 1877 et
667 1845 697 1877 si
723 1855 782 1888 per
801 1844 946 1886 aliquam
965 1843 1199 1885 exceptionem
1218 1847 1413 1885 perpetuam
1432 1841 1500 1884 peti
1521 1852 1585 1872 non

159 1897 456 1970 piontggassbluffpare
483 1892 544 1924 hoc
569 1901 698 1933 quoque
724 1891 834 1934 repeti
861 1891 998 1933 poterit,
1036 1889 1101 1921 nisi
1127 1890 1237 1921 sciens
1265 1898 1300 1920 se
1325 1892 1435 1920 tutum
1461 1897 1583 1929 excep-

254 2095 269 2128 1
298 2097 430 2138 scripsi,
457 2095 486 2127 si
505 2095 699 2127 reuocantis
718 2094 911 2126 donationis
929 2094 1084 2126 condicio
1113 2104 1175 2124 non
1195 2091 1368 2125 coniuncti
1394 2090 1586 2122 matrimoni

158 2142 242 2181 (mii
262 2141 343 2181 Vm)
369 2141 689 2183 compraehendatur
717 2150 780 2171 non
799 2140 995 2182 perficiendi
1022 2143 1217 2171 contractus
1245 2138 1294 2176 V;
1321 2138 1351 2169 si
1377 2137 1587 2168 reuocandae

160 2187 355 2219 donationis
385 2187 537 2218 condicio
568 2197 630 2217 non
658 2186 830 2218 coniuncti
863 2186 1069 2218 matrimonii
1096 2184 1396 2227 comprehendatur
1423 2193 1486 2213 non
1515 2192 1589 2224 per-

162 2233 297 2265 ficiendi
332 2237 528 2264 contractus
562 2231 713 2275 Savigwy
744 2231 853 2263 Keller
876 2231 1038 2273 Hollweg,
1075 2230 1162 2272 quod
1195 2230 1309 2271 fateor
1345 2239 1398 2260 me
1433 2238 1496 2260 ηοη
1534 2230 1588 2258 in-

159 2278 347 2318 telleoeisse5
373 2279 401 2310 si
427 2279 608 2310 reuocandi
636 2277 836 2309 donationes
874 2278 1026 2310 condicio
1054 2287 1117 2308 non
1156 2277 1335 2308 coniuncto
1374 2274 1586 2305 matrimonio

161 2324 474 2367 comprehendatur,
513 2334 578 2355 non
611 2323 807 2365 perficiendi
845 2328 1042 2355 contractus
1080 2321 1239 2361 Huschke,
1276 2330 1399 2364 param
1436 2321 1532 2351 recte..
1572 2319 1584 2360 ll

162 2370 181 2401 2
221 2372 322 2414 eaput
363 2370 423 2402 lzoc
464 2380 540 2402 cam
582 2371 672 2401 intel·
714 2379 834 2401 uer-sus
879 2368 1030 2411 legatur,
1066 2379 1130 2400 noa
1166 2370 1206 2400 ut
1249 2365 1376 2399 scholia
1412 2364 1458 2396 ad
1493 2374 1588 2396 mar-

158 2417 287 2458 ginem,
315 2426 418 2456 neque
441 2418 642 2457 arg-umento
668 2425 727 2446 sao
751 2414 797 2446 ad
820 2414 948 2447 scholia
972 2426 1042 2446 sese
1073 2412 1315 2451 accommodet,
1349 2414 1433 2443 recte
1458 2410 1587 2441 Husch-

161 2462 240 2494 lctus
276 2461 322 2493 ad
356 2463 465 2504 ipsam
501 2461 765 2503 compilationem
802 2460 948 2492 rettulit:
989 2459 1067 2493 alde
1097 2463 1219 2499 tamen,
1262 2468 1339 2490 cum
1378 2456 1468 2488 absit
1506 2457 1584 2487 item

162 2507 378 2544 uocabulum,
413 2519 453 2539 ne
488 2509 601 2538 ueniat
637 2517 685 2538 θα·
719 2505 946 2549 supplemento
981 2505 1142 2545 eiusdem,
1179 2506 1238 2547 qui
1271 2503 1335 2534 alio
1375 2502 1442 2534 loeo
1481 2502 1522 2537 (e.
1551 2502 1584 2534 5)

160 2552 395 2595 Papinianum
419 2552 606 2596 adlegavit.
649 2552 660 2593 ΙΙ
701 2552 720 2583 3
747 2551 930 2583 indebitum
957 2563 1020 2583 non
1048 2551 1092 2591 V,·
1118 2550 1302 2582 indebitum
1329 2552 1441 2579 autem
1467 2546 1544 2589 Dsg.
1568 2545 1582 2589 Η

163 2598 185 2629 4
210 2598 370 2630 debeatur·
396 2598 476 2642 Dtg.
520 2597 530 2640 ΙΙ
580 2599 598 2629 5
625 2597 759 2630 debebit
782 2595 910 2628 malim.
954 2596 965 2638 11
1007 2599 1026 2630 6
1053 2597 1285 2638 dieerepetere
1312 2592 1379 2625 ‘sic’
1409 2592 1482 2631 Vd,·
1519 2594 1586 2624 dici

164 2647 322 2685 repetere
355 2643 433 2677 Vm,
465 2646 477 2685 ΙΙ
513 2646 528 2675 ῖ
562 2654 621 2676 nec
653 2643 721 2675 ‘sic'
753 2642 816 2683 Vol,
847 2653 910 2674 non
943 2641 1096 2685 Vm.118
1121 2646 1239 2674 contra
1273 2638 1407 2672 tabulas
1439 2638 1484 2679 V3
1520 2649 1584 2681 em.

164 2687 321 2732 Rudorff,
346 2690 508 2732 Bo‘ckmg.
1521 2689 1524 2700 ¹

1330 2741 1373 2777 G*
