1823 3016
282 783 323 821 In
364 782 563 821 nonnullis
595 782 707 833 Legis
738 783 933 821 Romanae
966 782 1272 833 wisigothorum
1312 782 1510 821 codicibus
1543 783 1589 821 ad

168 840 282 878 finem
323 839 584 878 additamenta
622 840 767 878 adiecta
802 847 894 878 sunt
925 839 1137 891 composita
1171 839 1311 891 partim
1344 852 1386 878 ex
1420 840 1589 891 impera-

167 902 298 935 torum
331 896 676 935 constitutionibus
707 898 847 948 partim
882 909 926 935 ex
958 896 1066 935 Pauli
1098 896 1315 935 sententiis,
1376 896 1442 947 qui
1473 896 1589 947 primi

167 953 227 991 his
259 953 548 1004 Appendicibus
580 954 640 991 usi
672 960 765 992 sunt
795 953 956 991 lacobus
989 953 1180 999 Cuiacius⁷
1221 953 1360 992 Petrus
1393 953 1588 998 Pithoeus,

168 1010 330 1048 Iacobus
363 1010 639 1054 Gothofredus,
680 1010 829 1060 singula
861 1010 983 1060 capita
1016 1010 1070 1048 eis
1102 1011 1195 1048 iuris
1228 1010 1456 1061 corporibus
1489 1010 1590 1048 unde

167 1073 345 1118 excerpta
377 1072 485 1105 erant
515 1066 921 1105 restituerecontenti
944 1069 1114 1105 fuerunt.
1166 1074 1298 1118 postea
1322 1067 1589 1118 Appendicum

168 1124 354 1162 memoria
387 1123 499 1174 periit
529 1135 601 1161 nec
631 1129 719 1161 ante
752 1122 977 1161 resuscitata
1010 1130 1068 1161 est
1090 1136 1205 1174 quam
1231 1123 1424 1162 Gustavus
1449 1123 1592 1161 Haenel

167 1180 386 1230 complures
426 1179 578 1218 codices
620 1179 730 1229 Legis
768 1179 964 1217 Romanae
1002 1179 1061 1217 bis
1093 1180 1382 1231 Appendicibus
1420 1180 1591 1230 insignes

165 1236 464 1287 inuestigauit.¹)
525 1235 662 1274 deinde
684 1236 778 1274 duas
810 1236 946 1274 barum
972 1237 1238 1287 Appendicum
1264 1236 1402 1274 Klenze
1434 1238 1512 1275 fere
1545 1236 1590 1275 ad

166 1293 337 1332 codicem
375 1292 666 1331 Berolinensem
702 1293 782 1331 Lat.
815 1293 879 1331 fol.
910 1293 990 1332 270
1024 1293 1207 1344 edidit2):
1247 1294 1312 1344 qui
1354 1300 1483 1332 tamen
1524 1293 1591 1331 de-

167 1356 303 1401 ceptus
340 1349 475 1388 ordine
514 1350 694 1388 foliorum
735 1349 878 1388 codicis
912 1350 1172 1388 Berolinensis
1204 1363 1224 1388 a
1257 1350 1475 1401 bibliopega
1506 1356 1592 1389 tur·-

167 1407 255 1446 bato
287 1419 412 1457 neque
444 1419 583 1445 uerum
617 1407 785 1458 capitum
819 1406 994 1445 ordinem
1026 1407 1233 1446 adsecutus
1263 1414 1322 1446 est
1347 1414 1385 1446 et
1406 1407 1593 1445 nonnulla

167 1463 291 1515 capita
329 1464 375 1502 ad
408 1463 547 1514 Legem
581 1463 798 1502 Romanam
830 1463 1063 1514 pertinentia
1096 1464 1382 1516 Appendicibus
1414 1464 1592 1502 inseruit.

168 1520 312 1559 Klenzii
363 1532 494 1559 errore
547 1522 714 1559 refutato
770 1520 912 1558 Haenel
964 1533 1099 1559 omnes
1146 1521 1386 1572 Appendices
1433 1521 1593 1559 editioni

168 1577 280 1628 Legis
321 1577 518 1616 Romanae
565 1590 585 1615 a
631 1590 670 1615 se
717 1584 871 1628 paratae
919 1577 1086 1628 (Lipsiae
1126 1577 1250 1628 1849)
1298 1577 1500 1616 subiunxit
1538 1578 1591 1628 (p.

168 1634 428 1684 452ff455):
462 1634 527 1673 sed
559 1647 686 1685 neque
718 1634 897 1672 traditam
930 1647 949 1672 a
982 1634 1179 1674 codicibus
1211 1635 1416 1673 lectionem
1446 1634 1590 1685 ubique

167 1690 342 1730 restituit
376 1703 503 1742 neque
534 1692 661 1729 uarias
693 1691 869 1729 codicum
904 1691 1089 1729 lectiones
1122 1692 1334 1730 adnotauit.

281 1748 423 1786 Extant
453 1754 583 1786 autem
618 1755 695 1786 tres
729 1748 836 1798 Legis
868 1747 1065 1786 Romanae
1094 1748 1401 1799 Wisigotborum
1434 1748 1593 1799 Appen-

168 1804 271 1843 dices
317 1817 363 1843 ex
409 1805 504 1843 iuris
543 1805 708 1843 Romani
753 1804 925 1843 fontibus
968 1805 1140 1844 haustae.
1198 1818 1296 1856 quae
1337 1805 1506 1856 primum
1547 1805 1593 1843 ad

169 1861 281 1912 Legis
311 1861 508 1900 Romanae
541 1862 654 1899 tinem
689 1861 903 1913 adscriptae
936 1868 1056 1906 erant,
1090 1862 1227 1901 deinde
1259 1875 1278 1901 a
1311 1861 1592 1914 posterioribus

167 1918 333 1957 librariis
377 1931 447 1969 pro
492 1918 614 1969 ipsius
654 1918 763 1968 Legis
802 1924 973 1957 extrema
1010 1927 1118 1970 parte
1157 1919 1307 1958 habitae
1345 1925 1454 1958 sunt:
1501 1931 1593 1957 sane

169 1975 208 2013 hi
240 1974 580 2026 subscriptionem.
614 1988 688 2026 qua
711 1975 821 2025 Legis
853 1976 968 2014 linem
997 1976 1166 2015 indicare
1191 1977 1401 2015 uoluerunt
1423 1976 1594 2027 (emplicz'c

170 2031 275 2083 etc.)‚
307 2038 396 2083 post
426 2032 667 2082 Appendices
699 2032 1001 2071 collocauerunt.

285 2088 430 2127 Harum
472 2088 738 2139 Appendicum
787 2101 873 2128 una.
920 2102 1017 2140 quae
1061 2102 1107 2127 ex
1152 2089 1235 2141 ipsa
1274 2089 1374 2140 Lege
1418 2089 1593 2128 Romana

168 2144 477 2195 Wisigothorum
525 2152 703 2196 excerpta
749 2153 818 2190 est,
866 2146 1137 2197 complectitur
1175 2146 1399 2197 Gregoriani
1442 2145 1593 2185 Codicis

169 2202 370 2253 epitomati
402 2201 702 2241 constitutiones
735 2203 772 2248 4,
795 2202 834 2241 2.
869 2204 904 2249 5,
931 2204 965 2241 1.
1002 2204 1064 2247 10,
1091 2204 1126 2241 1.
1159 2204 1221 2249 11,
1246 2203 1269 2241 2
1289 2216 1296 2241 :
1315 2203 1415 2242 hanc
1435 2203 1592 2254 Appen-

169 2259 292 2297 dicem
326 2259 711 2311 praetermittendam
744 2272 829 2298 esse
861 2259 1142 2306 cenS11i1nus3).

171 2369 332 2376 “vva-mv.»
336 2374 341 2375 γ
345 2370 348 2371 ⁷
352 2374 357 2375 γ
361 2370 365 2372 -
369 2370 381 2375 1
385 2370 438 2375 :xva
442 2369 528 2375 :mxx—J
532 2369 659 2375 -2-<-<>1«sae
663 2369 1491 2377 .A«‘vn-2<«laxas-fJaenssx-(aAs„›.*s0»N.-fs<-fmffisaesvu-Jsaaeaev-„sws
1496 2374 1499 2376 .
1504 2370 1507 2371 ν
1512 2370 1541 2376 lu-
1552 2370 1557 2372 >
1562 2370 1583 2376 f.

261 2433 288 2472 1)
316 2436 402 2465 Ante
431 2434 627 2465 Haenelium
646 2433 795 2477 Savigny
821 2434 920 2466 unius
940 2435 1143 2477 Appendicis
1169 2433 1391 2474 fragmentum
1418 2435 1450 2466 111
1477 2434 1592 2466 codice

170 2478 356 2511 Parisiensi
381 2480 470 2510 4403
497 2480 684 2510 inuenerat.

262 2524 288 2562 ⁴2)
315 2524 517 2557 zeitschrift
548 2524 600 2556 fiir
630 2524 895 2564 geschichtliehe
921 2523 1284 2557 Rechtswissenschaft
1309 2523 1359 2556 lx
1383 2534 1412 2565 p.
1432 2524 1496 2556 235
1523 2535 1593 2566 sqq.

261 2569 289 2610 3)
314 2569 348 2602 In
383 2570 469 2601 libro
503 2580 573 2602 meo
607 2568 810 2602 Geschichte
842 2570 901 2601 der
928 2570 1068 2611 Quellen
1103 2571 1167 2601 und
1195 2570 1387 2602 Litteratur
1418 2569 1475 2602 des
1502 2569 1592 2602 Ram.

171 2615 294 2647 Rechts
319 2626 349 2657 p.
369 2615 444 2655 316,
471 2616 512 2647 46
539 2626 657 2647 errore
683 2625 754 2647 meo
782 2615 907 2647 dictum
931 2621 983 2648 est
1000 2617 1084 2648 hanc
1102 2616 1326 2658 Appendicem
1344 2615 1592 2657 Appendicibus

171 2659 258 2692 infra
292 2661 393 2692 editis
428 2661 638 2692 subiunctam
674 2671 768 2701 esseg
807 2661 904 2692 immo
941 2662 970 2692 111
1006 2662 1177 2693 nonnullis
1210 2661 1383 2693 codicibus
1409 2662 1593 2703 praemissa

171 2711 223 2737 est
248 2707 435 2749 Appendici
461 2706 484 2747 Ι,
511 2718 541 2738 u.
569 2717 597 2748 p.
617 2707 692 2738 250.
