1823 3016
702 146 819 150 „—
885 121 967 163 183
1029 144 1147 150 —-
1318 130 1511 157 COLLATIO
1533 121 1587 162 14,
1609 134 1635 158 s.

85 258 205 298 143,1
276 253 456 280 vnpnmvs
496 240 595 280 libro
633 253 737 280 nono
779 241 825 280 de
867 239 992 280 officio
1029 239 1276 292 proconsulis
1313 238 1386 279 sub
1432 240 1543 279 titulo
1589 242 1636 280 ad

388 298 511 348 legem
542 297 718 337 Fabiam:

332 354 533 406 Frequens
564 361 623 394 est
651 355 766 394 etiam
798 354 892 405 legis
924 353 1061 393 Fabiae
1094 352 1261 404 cognitio
1302 353 1341 391 in
1375 352 1636 393 tribunalibus

219 411 462 464 praesidum,
509 424 745 463 quamquam
792 412 950 463 quidam
995 416 1271 462 procuratores
1313 409 1486 449 Caesaris
1521 423 1637 449 usur-

183 483 199 506 2
219 469 398 520 pauerint
430 475 508 507 tam
540 469 578 507 in
611 468 824 520 prouinciis
855 481 970 520 quam
1002 467 1160 507 Romae.
1232 467 1299 506 sed
1337 467 1441 506 enim
1484 466 1560 505 iam
1594 480 1637 506 eo
1664 468 1684 503 5

216 532 450 577 peruentum
482 533 541 565 est
573 525 932 572 constitutionibus,
980 530 1023 564 ut
1052 525 1197 563 Romae
1229 524 1386 576 quidem
1418 525 1637 575 praefectus

218 582 326 621 urbis
359 583 464 622 solus
497 595 614 634 super
644 595 687 621 ea
717 595 759 621 re
791 588 1014 633 cognoscat,
1058 582 1090 621 si
1127 582 1228 620 intra
1260 580 1470 620 miliarium
1503 588 1638 620 cente—

218 639 362 678 simum
406 640 457 679 sit
488 639 628 678 iniuria
660 640 888 678 commissa:
936 639 1136 678 enimuero
1169 638 1201 677 si
1232 638 1333 677 ultra
1365 638 1637 681 centesimum,

216 698 501 748 praefectorum
532 696 727 748 praetorio
759 696 832 736 erit
863 696 1044 747 cognitio.
1119 695 1159 734 in
1199 695 1400 746 prouincia
1433 701 1492 733 est
1522 707 1635 746 prae-

217 753 346 792 sidum
378 754 682 805 prouinciarum,
715 765 787 792 nec
817 752 928 792 aliter
959 752 1204 805 procuratori
1236 752 1408 791 Caesaris
1447 752 1539 790 haec
1570 764 1636 791 co·
1668 751 1709 786 lO

219 810 338 861 gnitio
370 810 600 861 iniungitur,
633 822 749 861 quam
774 810 806 849 si
827 809 1015 862 praesidis
1043 809 1220 862 partibus
1251 809 1290 848 in
1314 809 1513 861 prouincia
1545 809 1638 848 fun-

219 874 341 918 gatur.
379 868 491 919 plane
513 872 602 918 post
623 866 857 906 sententiam
882 867 926 905 de
948 867 1064 906 Fabia
1085 867 1201 906 latam
1224 865 1487 918 procuratoris
1509 872 1639 918 partes

183 941 199 965 a
220 924 434 964 succedunt
464 924 626 962 huiusce
656 924 724 962 rei.
792 929 964 963 attamen
1002 930 1232 975 procurator
1272 924 1337 974 qui
1369 922 1514 962 nullam
1547 935 1640 975 pro-

218 981 386 1020 uinciam
417 981 516 1031 regit
546 981 636 1019 licet
667 981 713 1019 de
735 980 964 1031 capitalibus
997 981 1123 1020 causis
1154 993 1387 1031 cognoscere
1409 992 1481 1019 nec
1503 980 1637 1026 soleat,

218 1044 347 1077 tamen
393 1044 437 1077 ut
472 1037 518 1076 de
554 1037 636 1087 lege
674 1037 789 1077 Fabia
828 1036 953 1088 possit
989 1050 1234 1088 cognoscere,
1282 1038 1375 1088 imp.
1416 1036 1639 1075 Antoninus
1669 1037 1710 1072 15

217 1094 430 1134 constituit.
500 1093 603 1132 idem
647 1094 740 1144 legis
786 1093 904 1133 Iuliae
951 1093 998 1132 de
1044 1093 1229 1132 adulteris
1276 1094 1499 1132 coercendis
1545 1106 1639 1132 con-

181 1151 421 1190 4stitutione
471 1149 720 1201 imperatoris
772 1149 960 1190 Antonini
1006 1150 1277 1202 quaestionem
1321 1150 1480 1202 accepit.
1559 1150 1641 1200 lege

216 1214 345 1247 autem
367 1207 483 1247 Fabia
515 1212 683 1255 tenetur,
715 1208 781 1259 qui
803 1208 930 1247 ciuem
953 1207 1175 1246 Romanum
1199 1218 1353 1254 eumue,
1386 1206 1452 1258 qui
1472 1207 1511 1245 in
1534 1206 1640 1246 Italia

215 1264 401 1304 liberatus
434 1265 495 1311 sit,
528 1263 713 1304 celauerit
744 1265 913 1304 uinxerit
944 1264 1174 1304 uinctumue
1199 1263 1390 1311 habuerit,
1423 1263 1642 1303 uendiderit

215 1321 372 1370 emerit,
418 1321 536 1373 quiue
582 1321 622 1360 in
669 1334 754 1361 eam
799 1335 882 1361 rem
927 1321 1056 1361 socius
1087 1322 1226 1361 fuerit:
1266 1321 1327 1360 cui
1359 1321 1483 1372 capite
1513 1321 1640 1372 primo
1667 1321 1712 1355 ΞΟ

308 1460 322 1492 1
350 1460 418 1502 ulp.
444 1460 468 1491 l.
495 1470 580 1491 nono
607 1458 697 1499 BW,
724 1470 801 1500 om„
825 1463 900 1503 post
925 1459 1047 1492 fabiam
1072 1461 1225 1491 inserens
1245 1459 1413 1500 ulpianus,
1442 1457 1483 1491 V.
1526 1457 1536 1500 Η
1579 1459 1639 1490 sub

213 1506 314 1537 titulo
341 1505 515 1543 (subtituli
536 1503 593 1544 W,
620 1515 685 1538 om.
705 1505 758 1543 V)
784 1506 823 1537 de
850 1505 902 1537 off.
931 1506 1145 1543 proconsulis
1171 1505 1234 1543 (-le
1261 1503 1304 1545 B)
1330 1503 1415 1536 libri.
1447 1503 1457 1546 Η
1488 1504 1506 1535 3
1533 1504 1640 1544 legem

214 1550 306 1584 VW.
350 1550 360 1593 Η
394 1550 516 1582 fabiam
542 1550 693 1582 conditio
715 1549 771 1583 W.
806 1550 816 1592 Η
851 1552 884 1582 in
917 1561 981 1582 om.
1002 1549 1058 1583 W.
1096 1550 1106 1593 ΙΙ
1140 1552 1159 1581 4
1188 1555 1350 1592 tamquam
1371 1548 1426 1582 W.
1461 1547 1472 1591 Η
1507 1550 1641 1591 quidum

214 1595 307 1629 VW.
338 1595 349 1639 Η
380 1597 489 1628 cesari
509 1595 586 1637 BV,
617 1597 746 1628 cessari
766 1594 824 1629 W.
858 1595 868 1638 Η
900 1597 1117 1638 usurpauerit
1136 1595 1173 1626 B.
1210 1595 1221 1639 ΙΙ
1256 1596 1275 1626 5
1300 1601 1367 1627 tam
1393 1595 1426 1626 in
1453 1595 1640 1637 prouinciis

212 1652 305 1685 quam
332 1641 466 1681 Romae]
493 1643 624 1684 scripsi,
651 1652 728 1674 cum
750 1645 990 1684 procuratores
1014 1643 1272 1684 prouinciarum
1299 1642 1478 1673 conueniat
1502 1641 1642 1672 urbanis

210 1689 384 1730 anteponi:
411 1697 506 1729 quam
532 1697 645 1719 romae
670 1693 737 1719 tam
756 1688 863 1727 (roma
883 1688 984 1720 etiam
1005 1687 1058 1728 V)
1077 1688 1110 1719 in
1129 1688 1208 1724 (0711.
1229 1685 1296 1727 W)
1315 1686 1501 1727 prouinciis
1520 1685 1607 1719 libri.
1628 1685 1638 1729 ΙΙ

212 1734 288 1773 iam]
320 1744 361 1765 an
383 1732 439 1765 W.
484 1732 494 1775 Η
537 1733 554 1763 7
588 1743 689 1775 super
720 1743 758 1765 ea
784 1735 834 1772 re]
865 1743 1028 1776 superare
1052 1732 1091 1770 B,
1119 1743 1220 1775 super
1246 1742 1282 1764 ea
1304 1730 1360 1764 W.
1403 1730 1412 1773 Η
1456 1732 1474 1764 8
1501 1732 1640 1771 iniuria]

210 1779 384 1818 Pithoeus,
410 1779 442 1810 in
468 1779 523 1810 uia
549 1778 638 1810 libri.
680 1776 692 1820 ΙΙ
735 1779 754 1810 9
780 1778 1024 1821 praefectur-em
1045 1777 1101 1811 W.
1136 1776 1146 1819 Η
1182 1778 1386 1821 prouintiam
1405 1775 1494 1809 BW.
1531 1776 1541 1820 Η
1575 1778 1638 1817 est]

211 1826 295 1856 enim
321 1824 410 1856 libri.
452 1822 462 1865 Η
509 1824 547 1855 10
574 1834 632 1855 nec
658 1834 721 1856 om.
743 1823 804 1856 Va.
847 1822 857 1866 Η
898 1824 1115 1867 procuratori
1141 1824 1304 1863 caesaris]
1331 1824 1579 1865 procuratoriis
1597 1823 1640 1863 V,

212 1870 424 1912 percuratori
450 1870 670 1901 necessariiis
695 1870 774 1910 (sic)
794 1867 850 1901 W.
906 1868 916 1912 Η
974 1870 1009 1903 11
1039 1870 1259 1911 iniunguntur
1277 1868 1316 1908 B,
1342 1869 1495 1910 iungitur
1516 1867 1573 1901 W.
1629 1868 1639 1911 Η

210 1925 305 1957 quam
325 1916 366 1956 si]
385 1925 465 1957 quas
486 1913 541 1952 W,
566 1925 660 1957 quam
679 1914 753 1947 BV.
788 1913 798 1956 Η
830 1916 1017 1958 praesidias
1038 1913 1130 1948 VW.
1163 1913 1173 1957 Η
1207 1915 1246 1948 12
1271 1915 1389 1957 plenae
1408 1914 1446 1946 B.
1479 1913 1490 1957 ΙΙ
1520 1913 1640 1946 fabiam

213 1960 270 2001 W,
301 1961 432 1992 flabiam
453 1959 494 1992 7.
531 1959 541 2003 Η
575 1965 670 2003 parte
689 1959 762 1993 BV.
798 1959 808 2003 Η
845 1962 884 1993 13
910 1961 1049 1993 huiusce
1077 1961 1127 1992 rei
1153 1963 1314 2000 attamen]
1338 1961 1473 2002 scripsi,
1498 1960 1639 1992 huiusce

210 2007 262 2038 rei
289 2011 323 2038 et
348 2011 455 2038 tamen
477 2005 517 2045 V,
544 2007 760 2038 huiuscertae
783 2007 936 2039 adtamen
956 2006 996 2048 B,
1022 2007 1161 2038 huiusce
1180 2007 1231 2038 rei
1248 2011 1358 2037 tamen
1380 2004 1456 2044 thl,
1481 2006 1637 2037 huiusce-

209 2052 298 2083 modi
322 2057 432 2084 tamen
455 2049 531 2084 Wb.
575 2051 584 2093 Η
625 2052 842 2094 procuratori
867 2052 957 2085 libri.
1001 2050 1011 2095 Η
1053 2052 1190 2091 nullam]
1215 2053 1352 2094 scripsi,
1377 2052 1471 2083 illam
1496 2049 1584 2083 libri.
1625 2050 1635 2093 Η

210 2098 252 2130 14
277 2103 521 2139 cognoscerent
540 2096 598 2130 17.
652 2096 662 2140 Η
718 2099 756 2131 15
781 2102 891 2130 tamen
918 2100 967 2138 ut]
993 2097 1144 2130 adtamen
1166 2095 1223 2130 W.
1277 2096 1286 2137 Η
1341 2096 1463 2129 fabiam
1482 2094 1571 2129 BW.
1622 2098 1633 2139 Η

208 2144 285 2185 imp.
312 2148 379 2175 ant.
406 2145 526 2182 const]
560 2143 644 2174 idem
669 2143 693 2175 i.
719 2153 748 2175 a.
776 2155 802 2175 c.
829 2144 944 2187 (caput
967 2144 1044 2176 binc
1070 2144 1245 2186 incipiens)
1265 2141 1324 2183 17,
1349 2153 1412 2175 om.
1433 2140 1474 2175 V.
1528 2139 1538 2183 Η
1595 2143 1634 2174 16

211 2189 297 2221 idem
325 2189 413 2231 legis
439 2189 542 2220 iuliae
561 2187 601 2227 B,
635 2189 715 2220 item
741 2189 820 2228 (om.
838 2190 862 2221 l.
879 2190 918 2229 i.)
938 2189 980 2230 V,
1005 2189 1116 2221 iuriae
1144 2190 1224 2228 (om.
1244 2190 1287 2220 id.
1306 2189 1345 2228 l.)
1365 2186 1423 2220 W.
1468 2186 1478 2230 Η
1520 2187 1640 2219 alteris

209 2233 248 2266 B.
300 2232 310 2277 Η
364 2234 658 2266 οουεῐίῑυ*ῒίοηειῐι
679 2233 722 2266 7.
768 2232 779 2276 Η
826 2235 865 2267 17
900 2235 1109 2277 questionem
1147 2235 1271 2276 accipit
1295 2233 1335 2275 B,
1373 2234 1484 2275 questi
1522 2243 1638 2264 nomen

210 2281 325 2323 accepi
346 2278 402 2313 W.
447 2279 457 2323 Η
499 2280 605 2320 legem
632 2290 660 2311 a.
686 2280 834 2322 Phariam
855 2279 911 2312 W.
954 2278 964 2322 Η
1009 2280 1049 2312 18
1075 2282 1204 2319 eumue]
1229 2280 1403 2320 Pithoeus,
1434 2279 1639 2319 eundemque

210 2323 300 2367 BW,
319 2326 532 2367 eiusdemque
549 2325 591 2358 V.
618 2324 723 2368 legem
737 2324 880 2357 Fabiam
897 2336 973 2358 cum
986 2326 1158 2369 probabile
1174 2327 1221 2357 sit
1236 2326 1447 2368 pertinuisse
1460 2322 1506 2355 ad
1517 2323 1642 2355 liberos

212 2381 327 2403 omnes
350 2373 385 2403 in
411 2371 514 2404 Italia
539 2370 707 2414 degentes,
732 2370 779 2402 ad
797 2373 994 2414 prouincias
1018 2374 1131 2403 autem
1146 2374 1264 2415 postea
1281 2370 1414 2402 demum
1433 2369 1640 2401 translatam

212 2427 299 2458 esse,
343 2419 478 2460 praeter
519 2418 608 2448 ciues
644 2415 813 2448 Romanos
853 2416 993 2449 Latinos
1029 2427 1155 2459 quoque
1189 2418 1369 2448 nominare
1405 2414 1538 2455 debuit,
1583 2413 1642 2445 sed

210 2472 287 2494 cum
313 2462 455 2506 leiani
489 2465 598 2494 aetate
632 2461 721 2493 nulli
749 2463 819 2493 iam
857 2465 968 2494 essent
1000 2464 1034 2494 in
1058 2462 1161 2494 Italia
1185 2461 1300 2493 Latini
1332 2462 1401 2492 nisi
1432 2460 1581 2491 libertini
1609 2462 1641 2491 et

211 2510 434 2540 accessissent
458 2510 599 2539 interim
623 2506 780 2549 dediticii,
812 2511 899 2540 recte
924 2509 1019 2546 (nam
1043 2507 1088 2540 ad
1111 2517 1227 2539 eumue
1252 2505 1472 2550 supplendam
1498 2508 1550 2537 est
1575 2516 1639 2536 non

212 2553 316 2584 ciuem
342 2553 539 2594 Romanum)
572 2555 711 2597 praeter
741 2555 833 2585 ciues
857 2552 1025 2586 Romanos
1049 2554 1237 2585 nominauit
1261 2552 1350 2584 solos
1375 2551 1550 2583 libertinos
1574 2548 1640 2582 La-

211 2598 277 2629 tini
302 2600 388 2631 iuris
412 2599 623 2631 dediticiosae
648 2600 681 2630 in
706 2597 813 2630 Italia
836 2601 1076 2631 manumissos.
1119 2598 1129 2641 Η
1175 2600 1213 2631 19
1239 2599 1298 2637 sit]
1325 2598 1381 2639 qui
1408 2594 1464 2629 W.
1503 2594 1526 2639 ΙΙ
1549 2597 1640 2628 cela-

211 2643 311 2675 rierit
331 2642 409 2676 Wa.
447 2643 458 2687 Η
499 2644 654 2677 ninxerit
684 2644 898 2686 uinctumque
923 2645 1078 2677 habuerit
1102 2643 1179 2684 BV,
1213 2648 1246 2675 et
1275 2642 1434 2675 habuerit
1465 2641 1640 2674 uincxerit

211 2689 358 2721 uinctum
378 2688 434 2722 17.
478 2690 489 2733 Η
530 2691 572 2722 20
599 2690 654 2732 qui
678 2690 734 2722 uel
754 2689 798 2722 V.
839 2689 850 2732 Η
891 2699 929 2722 ea
949 2689 990 2723 V.
1033 2688 1043 2732 Η
1085 2690 1210 2732 primo]
1235 2699 1293 2731 pro
1321 2689 1415 2721 modo
1436 2685 1493 2720 W.
