1828 3011
726 120 1172 160 —250—

357 235 485 274 Altera
528 235 738 287 Appendix,
784 249 899 287 quam
945 248 1016 274 nos
1057 248 1222 274 numero
1267 235 1497 287 Appendicis
1534 236 1549 274 Ι
1594 236 1656 274 in-

246 292 423 342 signitam
455 291 554 330 infra
585 305 621 343 p.
645 292 724 330 253
757 293 919 338 edimus,
953 293 1069 330 finem
1102 292 1212 342 Legis
1243 292 1438 331 Romanae
1468 292 1586 331 efficit
1615 293 1655 331 in

246 348 375 387 codice
406 348 613 387 Parisiensi
645 348 751 387 4403
784 349 912 399 (nobis
934 348 979 398 L)
1011 348 1153 386 saeculi
1175 348 1313 399 V1111).
1364 349 1481 387 huius
1512 349 1655 388 codicis

245 417 333 456 pars
364 411 535 443 extrema
566 404 679 442 hodie
709 404 859 444 duobus
889 405 982 443 loeis
1015 405 1149 443 mutila
1179 411 1258 443 est:
1290 417 1429 456 nempe
1456 405 1657 456 perierunt

245 473 334 499 cum
374 461 450 499 fine
487 461 608 512 ipsius
646 461 756 510 Legis
794 461 989 500 Romanae
1026 461 1260 512 principium
1300 461 1532 512 Appendicis
1564 462 1577 500 1
1618 468 1656 501 et

244 523 439 568 praeterea
483 518 653 556 eiusdem
694 517 926 568 Appendicis
972 518 1077 556 finis:
1123 518 1213 556 olim
1257 524 1386 556 autem
1425 517 1465 555 in
1504 518 1655 568 integro

244 574 374 612 codice
405 573 542 624 Legem
571 573 783 612 Romanam
807 574 1065 625 Appendicel
1095 574 1277 612 continuo
1306 579 1503 624 exceptam
1536 574 1656 613 fuisse

244 642 369 680 neque
408 630 511 668 aliud
548 629 754 680 quicquam
792 632 895 669 inter
932 637 1138 682 utramque
1169 630 1361 669 adiectum
1392 630 1656 669 intercessisse

245 686 353 725 testis
384 693 442 724 est
472 686 587 724 index
618 686 860 725 rubricarum
886 687 975 737 Legi
996 687 1191 725 Romanae
1221 687 1259 725 in
1290 687 1364 725 hoc
1391 687 1521 725 codice
1542 699 1655 738 prae-

245 742 443 787 missus2).
504 749 617 792 atque
662 744 795 782 eodem
845 744 959 782 modo
1004 744 1044 782 in
1089 743 1219 782 codiee
1264 743 1529 782 Aurelianensi
1574 743 1655 782 207

243 798 385 837 saeculi
415 798 465 836 IX
496 798 754 849 Appendicem
788 800 803 838 Ι
840 800 911 850 legi
954 800 1048 838 mihi
1089 812 1320 852 persuasum
1359 805 1429 844 est,
1475 799 1656 850 quamuis

245 854 386 893 Haenel
422 855 462 892 in
503 868 547 893 eo
587 855 716 894 codice
747 856 1007 907 Appendicem
1046 869 1162 908 supra
1192 857 1317 908 primo
1348 857 1432 894 loco
1461 856 1654 894 laudatam

242 911 332 949 huic
362 911 573 962 Appendici
604 911 619 949 Ι
655 914 910 963 praemissam
947 926 1031 952 esse
1061 913 1292 952 adfirmarit:
1330 918 1406 951 tarn
1440 920 1522 951 arte
1551 913 1655 950 enim

247 967 528 1007 Aurelianensis
560 969 679 1007 codex
708 982 796 1008 cum
829 969 1036 1008 Parisiensi
1063 970 1171 1009 4403
1203 970 1243 1008 in
1276 970 1346 1008 hac
1376 975 1483 1020 parte
1515 981 1656 1019 cogna-

243 1032 305 1062 tus
350 1031 419 1069 est,
468 1031 511 1063 ut
554 1036 632 1063 non
676 1026 824 1076 possim
869 1039 948 1065 non
995 1027 1040 1065 de
1086 1027 1256 1065 Haenelii
1301 1038 1431 1064 errore
1476 1025 1655 1076 cogitare.

241 1081 443 1131 Appendix
472 1081 487 1118 I
517 1080 664 1131 integra
696 1089 848 1122 seruata
880 1090 939 1122 est
968 1082 1007 1121 in
1040 1083 1170 1122 codice
1201 1082 1406 1121 Parisiensi
1430 1083 1539 1121 4419
1571 1094 1657 1121 sae-

242 1138 319 1175 culi
349 1137 394 1183 X,
441 1137 480 1175 in
520 1150 596 1188 quo
635 1151 713 1177 non
750 1139 874 1190 ipsam
914 1139 1052 1190 Legem
1085 1140 1314 1184 Romanam,
1361 1139 1428 1178 sed
1459 1139 1656 1190 epitomen

242 1193 326 1232 eius
366 1193 477 1244 Legis
523 1195 754 1246 sequiturss).
813 1202 1010 1247 praeterea
1055 1197 1094 1235 in
1140 1196 1321 1235 omnibus
1364 1196 1418 1234 eis
1458 1195 1656 1234 codicibus

243 1249 353 1300 Legis
384 1250 591 1293 Romanae,
629 1264 727 1302 quae
757 1259 824 1290 aut
854 1252 1115 1303 Appendicem
1149 1266 1168 1291 a
1198 1253 1310 1291 nobis
1341 1252 1655 1303 praetermissam

241 1313 308 1344 aut
339 1306 490 1345 tertiam
524 1307 569 1344 de
600 1320 674 1357 qua
706 1309 836 1347 statim
860 1310 1033 1348 dicemus
1065 1309 1192 1358 (nobis
1214 1310 1310 1360 App.
1332 1309 1381 1358 II)
1413 1316 1655 1360 receperunt,

241 1363 415 1401 alterutri
447 1363 583 1401 harum
616 1365 881 1415 Appendicum
916 1366 1121 1404 subiuncta
1158 1372 1228 1411 est,
1271 1372 1312 1404 ut
1344 1372 1472 1404 tamen
1504 1365 1550 1403 ab
1581 1365 1656 1403 illis

242 1419 528 1470 subscriptione
573 1420 664 1458 olim
710 1422 755 1460 ad
802 1421 942 1472 Legem
984 1422 1195 1460 Romanam
1243 1422 1461 1473 pertinente
1505 1421 1658 1472 explicit

242 1476 337 1514 liber
380 1479 475 1514 iuris
517 1476 719 1525 feliciter&
762 1485 977 1528 separetur:
1027 1479 1128 1517 unde
1166 1484 1324 1530 apparet
1358 1478 1397 1516 in
1437 1477 1656 1529 archetypis

241 1532 379 1570 horum
423 1532 598 1570 codicum
641 1545 724 1571 eam
762 1535 1023 1585 Appendicem
1062 1547 1159 1586 quae
1196 1535 1309 1573 hodie
1347 1534 1608 1586 Appendicem
1640 1534 1657 1572 I

241 1588 434 1639 praecedit
473 1589 593 1627 solam
635 1589 805 1629 extitisse
846 1603 973 1642 neque
1014 1604 1199 1642 umquam
1232 1591 1492 1643 Appendicem
1523 1590 1541 1628 I
1573 1590 1656 1629 eius

241 1657 338 1695 quae
376 1645 570 1696 praecedit
607 1652 754 1697 partem
797 1648 1022 1698 effecisse5).
1083 1656 1120 1687 et
1159 1648 1391 1700 Appendicis
1428 1649 1461 1686 II
1499 1647 1656 1699 quidem

241 1701 393 1740 codices
445 1702 544 1740 infra
596 1704 949 1743 enumerabuntur:
996 1705 1258 1756 Appendicem
1305 1712 1434 1744 autem
1480 1717 1500 1743 a
1545 1705 1657 1743 nobis

241 1758 561 1808 praetermissum
594 1772 683 1798 cum
715 1761 937 1812 Appendice
968 1762 983 1799 I
1015 1762 1261 1800 coniunctam
1294 1762 1477 1800 exhibent
1507 1761 1657 1800 codices

243 1814 446 1853 Vaticanus
483 1815 769 1856 ottobonianus
801 1817 909 1856 2225
948 1825 985 1856 et
1016 1818 1391 1869 Montispessulanus
1422 1818 1456 1856 H
1487 1817 1540 1857 84
1571 1830 1657 1857 sae-

240 1871 325 1909 culo
356 1884 460 1910 nono
492 1873 647 1910 exarati.

354 1927 534 1967 Continet
571 1936 699 1968 autem
739 1930 941 1982 Appendix
977 1931 992 1969 Ι
1032 1931 1141 1982 quasi
1176 1931 1371 1982 quoddam
1415 1930 1654 1982 spicilegium

240 1983 413 2022 locorum
445 1985 540 2023 iuris
571 1984 736 2025 Romani
767 2000 786 2025 a
814 1987 1039 2038 Wisigothis
1071 1987 1448 2039 praetermissorum.
1498 1988 1656 2039 Appen-

240 2040 335 2078 dicis
373 2041 495 2091 qualis
537 2053 641 2080 nunc
681 2050 785 2082 extat
823 2056 911 2095 pars
948 2044 1054 2095 prior
1092 2045 1131 2082 in
1163 2044 1231 2082 XII
1271 2044 1395 2095 capita
1435 2044 1559 2083 diuisa
1596 2050 1655 2082 est

240 2108 359 2147 eaque
404 2097 543 2135 diuisio
585 2100 760 2149 sequitur
804 2101 978 2139 rubricas
1024 2101 1238 2146 titulorum,
1285 2113 1381 2152 quas
1423 2100 1653 2152 Appendicis

245 2200 250 2202 s
259 2196 305 2203 :vv
309 2197 329 2203 ,κ
336 2197 384 2203 κν]
388 2197 400 2203 a
404 2197 475 2204 --Μ«,
479 2197 495 2204 η
500 2198 524 2204 υ.
529 2198 541 2204 2.
545 2198 595 2204 „vx
600 2199 660 2205 sev„
664 2199 822 2206 2³>J-sfsasss
826 2200 969 2207 «ΑωφωωῳΝ,
974 2200 1172 2207 xssssmnscw--AA
1176 2201 1237 2207 *sm

1377 2200 1635 2207 ΜνΝΝ,Μ-.ι
1638 2200 1651 2206 s

332 2255 358 2293 1)
386 2254 433 2286 Cf.
466 2255 534 2287 Lex
561 2256 704 2288 Romana
733 2258 857 2298 Wisig.
885 2259 934 2291 ed.
963 2259 1084 2291 Haeuel
1112 2270 1141 2300 p.
1160 2258 1284 2291 XLIX.

332 2300 358 2337 2)
385 2300 434 2331 Cf.
460 2301 610 2343 Savigny
637 2302 840 2334 Geschichte
866 2304 922 2334 des
948 2304 1037 2336 Rom.
1064 2304 1186 2336 Rechts
1212 2305 1230 2335 2
1257 2315 1286 2346 p.
1304 2304 1345 2336 28
1372 2305 1402 2335 h.

330 2345 357 2382 ³³)
384 2344 472 2377 luter
505 2348 668 2388 epitomen
703 2352 736 2379 et
762 2350 984 2390 Appendieein
1017 2350 1079 2380 duo
1112 2351 1221 2392 capita
1251 2351 1290 2381 ab
1317 2349 1508 2391 Appendice
1541 2349 1653 2379 aliena

240 2390 418 2422 interiecta
447 2397 540 2423 suut:
568 2390 607 2423 cf.
635 2392 705 2424 Lex
732 2393 821 2424 Rom.
851 2394 973 2433 Wisig.
1002 2406 1030 2436 p.
1055 2394 1228 2426 LXXXII.

332 2435 359 2472 ³)
384 2435 431 2467 Cf.
470 2436 539 2468 Lex
576 2436 666 2469 Rom.
706 2437 829 2478 Wisig.
865 2450 892 2481 p.
919 2440 982 2470 452
1011 2445 1076 2471 not.
1095 2451 1131 2473 ..¹1.
1171 2445 1318 2471 ceterum
1355 2438 1556 2481 subscriptio
1595 2448 1652 2469 eo-

240 2490 309 2511 rum
349 2482 499 2512 codicum
538 2483 673 2524 propria
710 2484 764 2524 qui
788 2482 1018 2526 {Appendicem
1050 2484 1062 2516 I
1099 2486 1204 2517 solam
1237 2489 1446 2526 receperunt,
1485 2495 1546 2515 uua
1580 2495 1652 2517 cum

239 2525 430 2567 Appendicc
458 2526 467 2558 I
500 2529 638 2559 transiit
675 2529 704 2559 in
738 2539 794 2560 eos
827 2531 977 2569 codices,
1016 2531 1048 2562 iu
1081 2531 1198 2572 quibus
1224 2531 1279 2562 uel
1304 2529 1478 2571 Appendix
1511 2540 1528 2560 a
1557 2530 1652 2562 nobis

242 2572 480 2611 praetermissa
506 2573 559 2603 uel
586 2573 763 2615 Appendix
788 2574 812 2605 Il
841 2576 1022 2616 praeeedit.

242 2659 299 2690 W·
326 2615 356 2666 J)
383 2616 501 2693 Ριιιῖιι]
537 2624 612 2659 apte
649 2619 688 2650 de
724 2619 784 2650 hac
821 2620 1057 2652 coniunctione
1093 2621 1256 2652 disseruit
1287 2619 1422 2660 Haenel,
1460 2619 1529 2652 Lex
1560 2620 1651 2652 Rom.

291 2670 366 2701 isig.
394 2672 422 2703 p.
484 2687 488 2694 .
