1855 2957
670 92 1089 132 ψῃ-

179 220 216 253 at
252 214 292 251 in
324 211 570 251 Diocletianis
601 216 639 249 et
670 209 1001 249 Constantinianis
1032 220 1193 260 prorsus
1225 207 1442 256 singularis.
1502 206 1596 245 Dio-

180 270 351 309 cletianis
383 269 613 320 plerumque
645 267 694 317 (c.
717 266 810 305 270.
844 266 938 304 275.
972 265 1065 304 297.
1099 264 1192 304 312.
1226 263 1319 302 325.
1353 263 1451 314 328)
1483 276 1595 315 prae-

180 326 362 365 scribitur
410 326 491 364 cliui
539 323 789 363 Diocletianus
838 330 871 362 et
923 321 1166 361 Constantius
1216 320 1324 359 nullo
1375 320 1597 358 discrimine

179 385 279 422 facto
310 383 412 421 inter
438 380 737 420 constitutiones
768 384 857 417 ante
886 378 1158 417 Constantium
1190 377 1391 415 Caesarem
1423 382 1595 415 creatum

180 453 211 478 a.
246 439 325 478 293
358 444 394 477 et
425 443 513 490 post
553 449 642 475 eum
673 448 821 474 annum
853 435 1024 481 emissas,
1062 446 1189 485 neque
1226 433 1435 472 discrimen
1471 433 1597 472 ullum

180 496 347 534 admittit
378 494 566 533 formulae
596 493 708 532 iidem
739 492 940 543 usurpatio
973 491 1018 529 ad
1046 490 1304 529 Diocletianae
1335 490 1470 529 aetatis
1501 502 1597 528 con—

179 552 401 591 stitutiones
433 563 568 589 omnes
600 549 744 600 pariter
773 549 926 587 relatae.
974 548 1099 586 rarius
1129 547 1412 599 praescriptum
1442 547 1598 585 inueni-

179 615 244 647 tur
274 608 388 646 modo
412 607 698 651 Diocl(etianus)
731 613 765 644 et
791 605 896 643 Mam.
923 604 1164 644 Constantius
1195 605 1244 652 (c.
1268 603 1334 641 22.
1367 604 1450 649 41),
1482 603 1598 641 modo

182 665 433 704 Diocletianus
472 663 576 702 nude
619 664 666 711 (0.
710 661 775 700 23.
819 661 901 711 24).
962 661 1002 699 111
1035 659 1367 700 Constantinianis
1399 659 1598 698 sollemnis

179 721 345 759 formula
377 726 434 759 est
465 725 529 757 aut
553 720 667 769 Auyy.
700 725 734 756 et
758 717 881 757 Caess.
915 718 964 765 (c.
999 718 1063 756 33.
1097 718 1162 757 34.
1197 717 1262 756 35.
1297 716 1367 767 36)
1399 721 1465 754 aut
1499 715 1600 755 Con-

178 781 365 817 stantinus
395 783 429 814 et
460 775 581 814 Caess.
643 774 693 825 (c.
727 774 820 813 249.
854 774 947 813 273.
981 774 1092 823 287),
1125 774 1200 813 11151
1232 773 1336 825 quod
1366 773 1458 811 huic
1480 773 1601 811 semel

178 835 226 884 (c.
251 833 348 882 273)
395 831 658 883 praemittitur
703 832 738 870 d.
787 836 854 869 aut
899 844 1030 870 errore
1073 832 1247 870 additum
1279 835 1345 869 aut
1376 835 1420 868 ut
1451 829 1600 879 signifi-

180 896 287 928 cetur
323 890 507 927 dominns.
568 888 662 926 haec
703 900 859 938 quoque
897 889 1063 927 formula
1101 889 1147 927 ad
1180 900 1316 926 omnes
1355 886 1601 925 Constantini

179 946 476 985 constitutiones
515 944 718 983 adhibetur
749 945 864 983 etiam
896 957 964 996 per
995 958 1026 984 a.
1062 944 1297 990 313—316,
1331 943 1473 994 quibus
1505 942 1600 981 Cae-

179 1015 282 1042 sares
322 1002 419 1040 nulli
456 1003 616 1040 fuerunt
657 1002 706 1050 (0.
741 1001 805 1040 33.
849 1001 913 1040 34.
955 1002 1019 1040 35.
1059 1001 1170 1052 273).
1231 1001 1340 1039 uides
1377 999 1600 1038 Maximiani

177 1059 339 1109 Augusti
390 1071 535 1097 nomen
585 1063 722 1109 utpote
766 1058 978 1097 memoriae
1023 1059 1226 1097 damnatae
1272 1057 1469 1096 sublatum
1515 1068 1599 1095 esse

179 1117 430 1166 (quamquam
465 1115 675 1154 uerisimile
707 1120 766 1153 est
797 1128 842 1154 ex
872 1115 1110 1155 Maximiano
1131 1116 1295 1166 Anqusto
1327 1121 1361 1153 et
1383 1113 1599 1152 Constantio

182 1172 340 1211 Caesare
377 1172 565 1222 originem
607 1172 748 1210 ducere
779 1185 1010 1223 peruersum
1042 1173 1138 1211 illud
1176 1171 1412 1210 uocabulum
1444 1169 1606 1209 Maoeimi

182 1229 406 1279 Constantii)
438 1241 509 1267 nec
540 1229 662 1279 magis
694 1229 934 1267 mentionem
968 1229 1049 1267 fieri
1076 1228 1215 1267 Galerii
1237 1228 1422 1274 Caesaris,
1455 1227 1602 1265 seruari

178 1298 257 1324 non
295 1286 422 1324 solum
453 1285 680 1324 Diocletiani
712 1298 868 1332 nomen,
906 1286 972 1325 sed
1003 1286 1096 1324 item
1129 1284 1346 1324 Constantii
1377 1290 1415 1323 et
1448 1288 1601 1322 utrum-

179 1355 253 1393 que
299 1348 433 1381 contra
478 1342 616 1380 harum
661 1342 961 1393 inscriptionum
1008 1356 1124 1381 usum
1166 1343 1348 1381 diuorum
1386 1340 1600 1380 adiectione

179 1399 320 1437 ornari.
352 1400 391 1437 in
415 1399 760 1437 constitutionibus
782 1399 918 1438 aetatis
938 1400 1280 1439 Constantinianae
1299 1397 1434 1436 Licinii
1456 1409 1600 1436 nomen

179 1469 295 1507 supra
311 1456 387 1494 iam
404 1456 572 1494 diximus
589 1468 785 1506 nusquam
802 1456 842 1494 in
858 1455 1179 1507 inscriptionibus
1196 1455 1403 1501 enuntiari,
1421 1454 1601 1504 effugisse

179 1513 333 1551 obelum
366 1512 417 1550 ibi
450 1512 514 1551 11111
546 1512 661 1550 lateat
691 1512 763 1551 sub
787 1513 946 1551 nomine
967 1514 1246 1563 Augustorum.
1299 1511 1601 1550 Constantinum

179 1570 249 1608 etsi
281 1569 442 1607 dubium
475 1574 532 1607 est
555 1570 750 1608 (lominum
770 1569 810 1608 in
832 1570 1086 1620 inscriptione
1109 1569 1303 1621 appellari,
1335 1568 1373 1607 id
1395 1567 1499 1618 quod
1520 1580 1601 1606 non

179 1626 363 1664 conuenit
382 1626 457 1664 nisi
488 1626 655 1677 principi
685 1639 729 1664 eo
752 1632 930 1677 tempore
954 1627 1056 1673 uiuo,
1089 1627 1133 1664 ad
1156 1627 1194 1664 id
1216 1627 1346 1677 ipsum
1367 1637 1448 1663 non
1469 1624 1601 1663 minus

179 1683 301 1728 ducit,
346 1683 448 1733 quod
478 1683 518 1721 111
556 1683 674 1721 altera
711 1683 877 1722 formula
908 1683 1087 1722 sollemni
1118 1682 1355 1722 uocabulum
1393 1681 1598 1727 omittitur,

178 1752 268 1778 nam
289 1739 553 1789 Augustorum
585 1740 744 1778 nomine
774 1741 881 1779 nudo
913 1740 1181 1790 significantur
1208 1739 1406 1791 principes
1431 1751 1475 1777 00
1497 1743 1599 1777 tem-

178 1808 272 1847 pore
303 1802 520 1846 regnantes.
587 1797 680 1835 haec
725 1797 843 1847 igitur
888 1797 955 1847 qui
1001 1797 1154 1847 collegit
1199 1796 1354 1847 scripsit
1384 1795 1600 1846 imperante

179 1853 433 1891 Constantino
462 1854 586 1904 primo
619 1859 656 1892 et
677 1854 823 1892 recenti
846 1854 1048 1893 etiamtum
1070 1853 1258 1892 memoria
1280 1865 1369 1891 011111
1393 1857 1500 1903 grata
1521 1856 1600 1890 tam

178 1909 404 1948 Diocletiani
451 1923 566 1960 quam
612 1910 829 1949 Constantii
874 1910 994 1962 patris
1026 1910 1291 1956 Constantini,
1339 1915 1424 1948 tum
1469 1908 1599 1947 odiosa

179 1966 333 2012 Licinii,
375 1967 534 2005 nomine
576 1967 658 2005 eius
696 1968 736 2006 in
773 1968 845 2006 hac
882 1968 1025 2018 sylloge
1065 1967 1271 2005 obscurato
1318 1966 1439 2016 magis
1481 1978 1598 2016 quam

179 2022 350 2068 sublato;
383 2023 527 2062 scilicet
557 2024 778 2075 compilatio
809 2026 974 2063 formata
997 2030 1055 2063 est
1076 2029 1203 2063 stante
1225 2024 1428 2062 etiamtum
1450 2022 1598 2061 Licinio

179 2085 216 2117 et
246 2085 334 2129 post
365 2080 511 2118 cladem
544 2080 626 2119 eius
648 2093 679 2119 a.
703 2094 740 2132 p.
764 2081 803 2119 C.
828 2081 908 2120 323
939 2081 985 2119 ad
1013 2081 1163 2119 iussum
1186 2080 1432 2119 Constantini
1452 2079 1598 2130 imper-

178 2137 276 2174 fecte
298 2137 510 2175 emendata.
546 2137 714 2188 scriptus
736 2138 855 2188 igitur
876 2138 979 2177 credi
1000 2138 1142 2188 poterit
1163 2137 1260 2176 liber
1281 2137 1328 2175 de
1351 2149 1427 2187 quo
1449 2136 1600 2186 agimus

179 2192 279 2230 circa
310 2205 342 2230 a.
376 2192 493 2231 3201.
526 2217 581 2220 —
610 2194 688 2233 Nec
719 2200 850 2233 tamen
882 2194 928 2233 ab
960 2207 1004 2233 eo
1036 2200 1211 2246 tempore
1241 2194 1338 2232 nihil
1370 2193 1599 2232 addiderunt

179 2248 262 2287 siue
292 2249 324 2287 is
358 2250 422 2300 (1111
453 2250 607 2301 scripsit
636 2251 729 2290 haec
760 2252 963 2290 uolumina
985 2251 1068 2290 siue
1096 2252 1162 2302 qui
1183 2257 1316 2302 postea
1337 2249 1600 2288 adhibuerunt

179 2305 297 2355 togati
328 2306 469 2344 saeculi
501 2307 640 2356 quarti.
696 2320 786 2347 nam
819 2321 908 2347 cum
939 2309 1070 2359 ipsum
1102 2320 1244 2359 corpus
1266 2306 1496 2346 Vaticanum
1517 2318 1597 2344 non

180 2362 357 2400 uideatur
393 2363 632 2402 continuisse
672 2365 746 2403 nisi
787 2365 973 2416 rescripta
1017 2365 1310 2416 imperatorum,
1354 2363 1456 2402 inter
1500 2374 1597 2412 quae

180 2418 282 2467 quod
314 2419 626 2458 recentissimum
658 2427 716 2459 est
747 2422 839 2460 anni
870 2427 928 2460 est
960 2421 1053 2469 318,
1085 2422 1254 2460 insertae
1285 2420 1409 2459 eidem
1440 2418 1598 2458 inueni-

270 2561 295 2599 1)
322 2561 427 2595 Notas
447 2565 581 2606 leiani
608 2565 639 2596 in
659 2565 873 2608 Papinianum
892 2565 977 2608 quod
996 2540 1188 2598 adhibuisse
1206 2566 1343 2598 uidetur
1361 2563 1406 2606 (u.
1426 2564 1467 2596 ad
1491 2575 1521 2596 0.
1540 2563 1598 2604 66)

181 2606 217 2682 1111
241 2617 302 2638 usu
328 2606 454 2641 forensi
481 2610 632 2642 sublatas
651 2621 708 2653 1101·
727 2611 981 2643 Constantinum
999 2622 1027 2644 a.
1044 2612 1118 2654 321,
1145 2612 1224 2644 111110
1242 2610 1394 2653 0111111οηί
1413 2614 1506 2642 certe
1528 2619 1592 2640 non

179 2662 197 2683 a
224 2657 392 2684 uersatur.
