1828 3011
776 149 1218 189 —134—

421 266 650 306 testificatus
687 272 746 306 est
784 266 916 317 iniqua
954 266 1139 304 resistens
1171 265 1357 304 aduersus
1393 266 1549 304 fratrem
1584 276 1703 303 suum·

422 329 460 362 et
489 323 601 362 facite
632 323 678 370 ei,
711 322 1040 374 quemadmodum
1072 321 1251 371 nequiter
1272 321 1349 372 egit
1369 323 1492 360 facere
1514 321 1707 360 aduersus

418 381 576 418 fratrem
625 392 739 418 suum
783 386 822 418 et
865 381 1015 417 auferes
1061 377 1236 428 iniquum
1279 390 1324 416 ex
1365 378 1475 416 uobis
1512 378 1618 428 ipsis,
1664 383 1703 416 et

419 436 536 475 ceteri
567 436 764 475 audientes
796 435 989 474 timebunt
1017 440 1055 472 et
1075 446 1152 472 non
1174 434 1370 485 adponent
1390 434 1556 486 amplius
1576 434 1702 473 facere

422 493 584 531 uerbum
620 493 846 542 malignum.

285 547 393 587 Dent.
426 548 492 593 27,
524 548 579 588 21
610 547 683 600 (=
703 555 728 586 t.
767 547 826 594 VI,
853 547 891 598 7)
924 546 1153 597 Augustinus
1185 545 1294 585 locut.
1328 546 1370 585 cle
1399 545 1484 585 Iesu
1505 547 1612 586 Naue
1639 545 1702 592 Vl,

418 604 472 644 59
504 604 548 656 (3
572 617 611 655 p.
633 602 794 655 369A):

421 661 646 700 Maledictus
678 660 804 699 omnis
836 660 902 710 qui
934 659 1136 697 dormierit
1166 671 1252 697 cum
1288 658 1394 697 omni
1424 670 1575 709 pecore.

398 717 498 756 Haec
529 717 595 767 qui
626 729 714 755 cum
748 716 938 767 excerptis
969 715 1112 754 nostris
1143 721 1362 767 componet,
1393 714 1568 753 inueniet
1589 726 1701 753 sum-

284 785 385 811 mam
430 773 726 812 similitudinem
764 773 1004 811 intercedere
1039 773 1140 810 inter
1178 772 1398 810 uersionem
1439 783 1541 816 eam,
1588 771 1707 810 cuius

282 835 412 880 partes
443 836 652 868 seruarunt
683 829 834 868 codices
862 829 1134 879 Lugdunensis
1166 835 1204 867 et
1224 827 1559 878 wirceburgensis
1591 827 1699 878 (nam

283 886 331 923 ad
363 886 523 924 eandem
556 886 775 925 uersionem
809 893 1019 937 utrumque
1051 885 1245 937 pertinere
1274 884 1375 923 inter
1406 896 1539 922 earum
1567 895 1698 922 rerum

280 942 427 993 peritos
459 942 678 994 conuenit);
715 942 860 982 scilicet
891 955 978 981 cum
1011 942 1155 994 passim
1179 943 1396 993 discrepent
1416 940 1488 979 alio
1510 940 1702 979 uocabulo

281 998 493 1038 substituto
525 1012 595 1051 pro
627 1000 699 1038 alio
731 1006 770 1038 et
791 999 950 1038 mutatis
973 999 1202 1042 minoribus,
1235 997 1490 1036 nibilominus
1510 997 1549 1035 in
1571 1008 1700 1035 enun-

280 1055 383 1094 tiatis
413 1056 628 1095 formandis
659 1068 813 1107 semper
843 1057 922 1094 fere
953 1062 991 1094 et
1012 1055 1156 1107 passim
1180 1055 1225 1094 ad
1249 1054 1410 1093 uerbum
1435 1053 1705 1092 consentiunt.

279 1111 392 1150 nobis
424 1112 590 1152 sufficiet
619 1113 711 1151 baec
733 1112 978 1159 indicauisse,
1010 1125 1135 1163 neque
1167 1111 1269 1150 enim
1304 1111 1468 1150 deerunt
1498 1111 1562 1161 qui
1587 1111 1633 1149 de
1655 1122 1698 1148 ea

280 1181 322 1206 re
353 1181 444 1207 sane
476 1181 554 1207 non
585 1169 818 1220 neglegenda
851 1169 1068 1208 accuratius
1099 1175 1137 1208 et
1166 1168 1318 1220 plenius
1350 1167 1534 1206 iudicium
1559 1169 1697 1206 ferent.

394 1225 493 1264 Iuris
525 1232 702 1264 auctores
734 1226 901 1277 optimos
933 1238 1109 1276 quosque
1131 1225 1308 1263 adhibuit
1329 1224 1395 1275 qui
1416 1224 1510 1262 haec
1531 1223 1696 1274 collegit,

281 1281 427 1321 scilicet
449 1282 528 1321 Gaii
559 1282 848 1329 institutiones,
879 1282 1079 1333 Papiniani
1111 1289 1149 1320 et
1179 1281 1423 1320 definitiones
1451 1287 1490 1319 et
1510 1292 1696 1332 responsa

280 1344 318 1376 et
348 1338 489 1377 librum
524 1339 756 1389 singularem
790 1339 835 1377 de
866 1339 1083 1383 adulteriis,
1114 1337 1264 1390 leiani
1295 1343 1333 1376 et
1363 1337 1628 1375 institutiones
1659 1342 1698 1375 et

278 1394 397 1433 libros
434 1395 479 1433 ad
519 1395 686 1434 edictum
725 1401 764 1434 et
799 1395 919 1433 libros
951 1395 997 1433 de
1028 1395 1153 1433 officio
1185 1393 1440 1445 proconsulis,
1479 1406 1524 1431 ex
1555 1393 1699 1444 quibus

279 1451 400 1489 multa
446 1451 707 1502 deprompsit,
763 1452 929 1502 denique
974 1451 1117 1490 librum
1171 1450 1404 1500 singularem
1456 1450 1699 1500 regularum,

278 1506 385 1546 Pauli
408 1508 629 1555 sententias,
661 1520 756 1558 quas
778 1520 867 1559 prae
890 1508 1027 1546 ceteris
1049 1507 1285 1558 compilauit,
1306 1506 1399 1545 item
1422 1506 1540 1544 libros
1563 1508 1700 1558 singu-

277 1564 376 1602 lares
414 1563 587 1602 eiusdem
627 1564 673 1603 de
713 1564 879 1609 iniuriis,
926 1565 971 1603 de
1008 1563 1218 1609 adulteriis,
1264 1563 1310 1602 de
1347 1563 1483 1614 poenis
1520 1564 1696 1603 omnium

276 1619 419 1670 legum,
443 1620 488 1659 de
508 1621 643 1672 poenis
664 1633 921 1672 paganor11m3
960 1621 1124 1671 denique
1147 1619 1352 1658 Modestini
1373 1619 1492 1658 libros
1515 1621 1697 1660 differen-

277 1676 438 1723 tiarum;
470 1683 665 1728 praeterea
698 1678 1022 1717 constitutionum
1055 1684 1294 1729 syntagmata
1317 1677 1393 1715 duo
1415 1678 1696 1729 Gregorianum

276 1739 315 1772 et
345 1733 696 1784 Hermogenianum
730 1741 769 1774 et
800 1734 1098 1773 constitutiones
1129 1734 1275 1784 aliquot
1303 1736 1489 1778 nouellas,
1527 1747 1617 1774 nam
1650 1746 1699 1773 ex

275 1789 350 1834 his,
381 1802 459 1829 non
492 1803 537 1829 ex
558 1791 825 1830 Theodosiano
857 1791 978 1842 legem
1011 1803 1043 1830 a.
1067 1790 1147 1829 390
1179 1790 1305 1829 afferri
1329 1802 1445 1841 supra
1468 1790 1697 1842 uidimus1).

276 1846 571 1896 diligentissime
601 1854 640 1886 et
669 1848 756 1886 libri
787 1860 994 1886 numerum
1026 1847 1148 1898 ponit,
1185 1846 1251 1885 ubi
1274 1859 1371 1898 opus
1391 1849 1566 1901 pluribus
1586 1847 1696 1887 libris

276 1909 439 1949 constat,
471 1910 508 1942 et
532 1903 688 1942 titulum
711 1917 789 1943 non
810 1917 987 1951 numero,
1021 1905 1086 1943 sed
1111 1904 1238 1942 uerbis
1262 1916 1502 1954 expressum,
1535 1910 1698 1956 excepto

275 1958 374 1998 libro
405 1959 606 2011 Papiniani
637 1961 683 1999 de
713 1961 924 2007 adulteriis,
962 1960 1028 2012 qui
1060 1973 1137 1999 non
1170 1960 1326 1999 uidetur
1355 1963 1393 2001 in
1426 1963 1560 2001 titulos
1592 1961 1695 2000 diui-

275 2028 342 2054 sus
381 2016 511 2063 tuisse,
545 2017 611 2056 uix
649 2017 725 2056 ullo
762 2018 845 2056 loco
877 2018 959 2068 ipse
998 2017 1151 2056 uidetur
1192 2016 1369 2058 omisisse
1403 2021 1467 2065 (cf.
1502 2019 1593 2064 197,
1629 2018 1697 2056 15.

275 2071 359 2121 22).
413 2073 478 2111 sed
510 2073 686 2113 rubricas
719 2075 787 2112 has
818 2074 963 2112 librarii
994 2076 1136 2126 passim
1171 2074 1256 2112 data
1280 2088 1393 2128 opera
1416 2075 1697 2114 hreuiauerunt

275 2129 337 2167 uel
382 2128 719 2181 interpolauerunt
755 2136 793 2169 et
833 2143 1067 2182 quamquam
1108 2130 1171 2181 qui
1210 2132 1499 2172 Berolinensem
1538 2130 1696 2183 scripsit

274 2185 426 2236 plenius
463 2186 585 2225 multo
617 2199 732 2237 quam
767 2188 843 2226 duo
873 2187 935 2226 alii
976 2201 1038 2227 eas
1079 2188 1245 2235 admisit,
1285 2202 1334 2228 ne
1364 2201 1451 2228 eum
1485 2189 1639 2239 quidem
1672 2200 1694 2226 a

275 2242 519 2282 mutilatione
571 2243 762 2282 eiusmodi
813 2243 1049 2283 abstinuisse
1093 2245 1195 2284 inter
1239 2246 1309 2284 alia
1354 2246 1442 2284 inde
1487 2244 1694 2295 colligitur,

274 2299 376 2349 quod
415 2311 502 2338 cum
543 2305 602 2338 ter
633 2300 775 2338 citetur
805 2300 954 2352 leiani
987 2301 1080 2341 liber
1109 2303 1312 2353 εῖηῃιιῖανῖε
1340 2302 1572 2353 reyularum,
1611 2313 1691 2340 non

273 2355 399 2393 solum
432 2355 512 2393 VW
541 2356 631 2395 inde
668 2357 815 2395 faciunt
853 2357 993 2396 librum
1029 2359 1271 2409 sz'nqularem,
1310 2359 1374 2397 sed
1418 2358 1532 2396 etiam
1566 2358 1595 2396 Β
1632 2357 1692 2397 bis

276 2411 386 2459 (143,
412 2412 474 2451 10.
511 2413 607 2459 156,
637 2412 677 2464 8)
717 2414 948 2464 reynlarem,
983 2417 1102 2453 semel
1134 2415 1244 2463 (196,
1270 2415 1338 2466 19)
1361 2415 1603 2466 singularem.
1636 2437 1691 2443 —

275 2489 819 2498 vijaemlevvwvmmaemmoemt
822 2491 933 2498 ww

364 2524 389 2566 Ἰ)
416 2523 577 2557 Nouellas
612 2527 867 2558 constitutiones
903 2527 941 2558 de
978 2528 1153 2569 plagiariis
1191 2538 1293 2570 poena
1331 2527 1469 2568 capitali
1503 2527 1690 2559 affieiendis

273 2569 380 2601 citans
417 2575 535 2602 auctor
575 2571 628 2603 tit.
667 2572 705 2602 14
738 2571 790 2603 fin.
828 2582 891 2603 non
930 2573 1102 2604 intellexit
1137 2574 1337 2614 rescriptum
1376 2573 1578 2605 Diocletiani
1616 2572 1689 2604 cod.

272 2612 353 2645 lust.
380 2615 411 2655 9,
438 2615 490 2656 20,
517 2617 548 2656 7,
573 2616 657 2658 quod
688 2617 792 2657 magis
819 2618 877 2648 sub
903 2619 1034 2650 nomine
1061 2618 1261 2658 Gregoriani
1288 2618 1590 2658 Hermogenianiue
1615 2619 1691 2651 lau-

272 2658 406 2736 333363,
430 2662 485 2692 sed
519 2663 685 2703 cogitauit
717 2662 755 2694 de
788 2663 863 2703 lege
897 2663 1108 2696 Constantini
1140 2664 1210 2695 cod.
1243 2663 1366 2696 Theod.
1393 2664 1423 2704 9,
1453 2665 1503 2706 18,
1531 2667 1545 2698 1
1577 2665 1693 2697 aliaue

296 2713 375 2746 eper
401 2710 455 2737 ita.

1274 2492 1305 2499 N
