1828 3011
64 1420 95 1460 4,
112 1432 154 1462 10,
169 1433 184 1456 1

212 124 406 152 connA'no
426 115 459 159 4,
480 126 575 153 7-10.
701 140 818 145 —-—
882 116 963 157 152

212 245 391 272 accusare
427 233 563 285 possit.
631 233 833 285 respondi:
881 233 1078 272 occidendi
1116 232 1272 283 quidem
1311 232 1530 271 facultatem
1563 231 1625 270 lex

211 289 349 329 tribuit
379 303 461 329 eam
494 290 623 337 filiam,
671 302 785 341 quam
818 289 936 328 habet
966 289 1005 327 in
1038 294 1283 340 potestatem,
1315 294 1382 328 aut
1418 287 1544 339 [quae]
1580 301 1625 326 eo

211 352 368 385 auctore
389 346 429 385 in
452 358 610 385 manum
634 346 836 385 conuenit:
859 347 925 384 sed
949 357 1131 384 accusare
1152 345 1235 383 iure
1257 345 1377 396 patris
1399 357 1447 384 ne
1466 344 1623 395 quidem

211 403 491 454 emancipatam
523 403 638 441 filiam
672 409 780 454 pater
810 402 1051 454 prohibetur.

267 472 487 498 PAPINIANVS
519 460 653 498 eodem
686 459 785 497 libro
817 458 1001 508 singulari
1037 455 1101 511 <et
1130 454 1291 509 titulo>z

325 515 420 554 Cum
467 515 567 566 patri
607 516 667 553 lex
708 515 809 565 regia
856 515 1004 553 dederit
1047 514 1087 552 in
1134 513 1254 551 filium
1294 513 1396 552 uitae
1441 512 1625 563 necisque

209 578 455 623 potestatem,
502 571 603 622 quod
643 571 790 609 bonum
823 571 898 609 fuit
928 572 1009 622 lege
1041 569 1316 621 conprehendi,
1365 576 1409 608 ut
1453 574 1624 620 potestas

209 630 320 667 tieret
351 629 465 667 etiam
498 628 613 666 filiam
648 627 858 673 occidendi,
893 626 987 665 uelis
1019 626 1115 665 mihi
1146 626 1375 665 rescribere:
1409 637 1496 664 nam
1527 625 1626 663 scire

210 685 336 736 cupio.
396 683 615 734 respondit:
647 683 836 733 numquid
869 695 914 721 ex
946 682 1139 722 contrario
1172 688 1342 733 praestat
1371 682 1483 720 nobis
1509 693 1624 731 argu-

210 746 386 779 mentum
416 740 509 778 haec
530 739 705 787 adiectio,
738 746 782 778 ut
802 752 881 778 non
903 739 1081 778 uideatur
1101 739 1161 778 lex
1183 751 1259 777 non
1284 738 1437 777 habenti
1460 738 1622 784 dedisse,

207 798 285 847 [sed
326 795 448 835 occidi
487 808 569 834 eam
609 808 695 834 cum
735 796 909 834 adultero
950 796 1132 845 iussisse],
1181 801 1223 834 ut
1264 796 1443 834 uideatur
1482 794 1625 832 maiore

208 853 400 903 aequitate
422 852 563 891 ductus
585 852 802 891 adulterum
828 852 1027 899 occidisse,
1059 864 1147 891 cum
1170 864 1242 891 nec
1263 852 1360 890 filiae
1382 847 1626 903 pepercerit?

268 920 378 947 lomi:

324 965 364 1004 Si
408 971 518 1016 pater
564 964 650 1016 quis
697 965 915 1004 adulterum
950 964 1088 1004 occidit
1119 970 1158 1004 et
1186 964 1284 1003 filiae
1317 976 1410 1003 suae
1439 962 1624 1015 pepercit,

208 1034 351 1073 quaero
383 1021 475 1073 quid
505 1021 694 1060 aduersus
725 1034 812 1060 eum
852 1022 901 1060 sit
939 1020 1219 1060 statuendum?
1279 1020 1498 1072 respondit:
1541 1019 1624 1058 sine

208 1078 326 1117 dubio
357 1077 430 1117 iste
461 1083 570 1130 pater
600 1078 793 1117 homicida
826 1084 901 1117 est:
947 1078 1065 1128 igitur
1110 1077 1306 1117 tenebitur
1336 1078 1417 1127 lege
1449 1076 1623 1115 Cornelia

209 1136 253 1174 de
285 1135 444 1174 sicariis.
495 1135 606 1186 plane
636 1134 668 1173 si
689 1135 764 1174 filia
787 1147 865 1173 non
888 1134 1086 1174 uoluntate
1107 1134 1239 1186 patris,
1273 1134 1340 1173 sed
1362 1146 1449 1173 casu
1469 1139 1622 1172 seruata

208 1196 277 1237 est,
309 1203 388 1230 non
421 1191 623 1229 minimam
658 1191 814 1230 habebit
835 1191 1099 1230 defensionem
1124 1196 1245 1242 pater,
1278 1191 1380 1241 quod
1403 1192 1501 1228 forte
1524 1189 1623 1239 fugit

206 1247 295 1286 filia.
355 1260 445 1286 nam
476 1248 537 1286 lex
567 1247 618 1286 ita
649 1248 763 1299 punit
791 1247 1038 1295 homicidam,
1070 1247 1103 1286 si
1135 1247 1221 1286 dolo
1244 1247 1344 1286 malo
1366 1245 1621 1285 homicidium

206 1305 352 1342 factum
384 1304 512 1349 suerit,
545 1304 607 1342 hic
638 1310 765 1343 autem
799 1310 907 1355 pater
937 1316 1016 1342 non
1047 1303 1133 1342 ideo
1165 1303 1338 1343 seruauit
1369 1303 1498 1350 filiam,
1531 1301 1619 1353 quia

209 1361 342 1407 uoluit,
376 1361 442 1399 sed
473 1360 562 1412 quia
594 1360 767 1399 occidere
798 1373 881 1399 eam
913 1372 992 1399 non
1023 1360 1163 1412 potuit.

266 1429 376 1455 inem:

321 1473 361 1512 Si
394 1472 556 1512 maritus
588 1484 749 1511 uxorem
782 1485 892 1511 suam
924 1472 964 1511 in
995 1471 1186 1511 adulterio
1214 1471 1493 1524 deprehensam
1517 1470 1619 1510 occi-

206 1529 274 1576 dit,
305 1541 352 1568 an
384 1529 422 1567 in
454 1529 577 1580 legem
612 1529 657 1568 de
688 1529 836 1568 sicariis
867 1529 1024 1575 incidat,
1057 1541 1213 1579 quaero.
1268 1527 1487 1579 respondit:
1514 1527 1619 1566 nulla

204 1592 313 1638 parte
350 1586 444 1636 legis
478 1585 616 1624 marito
653 1597 814 1624 uxorem
847 1585 1020 1624 occidere
1051 1585 1291 1624 conceditur:
1339 1596 1457 1636 quare
1488 1589 1620 1636 aperte

205 1648 338 1681 contra
384 1642 508 1693 legem
555 1642 692 1681 fecisse
738 1654 826 1681 eum
859 1654 938 1681 non
971 1642 1192 1693 ambigitur.
1253 1641 1319 1680 sed
1356 1641 1389 1680 si
1420 1640 1466 1679 de
1496 1653 1620 1692 poena

1327 1744 1463 1752 maew

1084 1745 1099 1752 ,κ
1102 1745 1213 1752 ,ΝΜ-Λ»

202 1745 288 1752 ww
898 1745 971 1752 »Μ

295 1811 308 1842 1
331 1820 428 1852 posse
448 1810 490 1842 V.
523 1808 532 1852 ΙΙ
563 1811 739 1853 respondit
754 1810 793 1851 B,
814 1811 999 1851 respondeo
1020 1809 1075 1843 W.
1107 1810 1117 1853 11
1148 1811 1166 1842 2
1185 1811 1267 1851 eam]
1288 1811 1320 1842 ei
1339 1809 1381 1843 V.
1410 1808 1420 1851 ΙΙ
1452 1820 1535 1852 quae
1553 1819 1618 1842 om.

202 1855 289 1887 libri.
331 1854 340 1896 11
384 1866 456 1887 eum
481 1856 519 1888 B.
561 1854 571 1897 11
614 1857 632 1887 3
659 1860 828 1888 auctorem
854 1856 942 1888 libri.
983 1854 993 1897 11
1029 1857 1062 1887 111
1088 1866 1185 1887 11131111
1205 1855 1247 1897 V,
1273 1856 1305 1887 in
1332 1856 1364 1887 in
1390 1865 1488 1887 manu
1508 1854 1564 1887 W.
1606 1853 1617 1897 Η

201 1902 222 1932 4
249 1901 486 1943 emancipatum
504 1901 543 1941 B,
569 1901 789 1943 mancipatam
809 1901 850 1934 V.
893 1901 903 1943 11
938 1901 1045 1943 patris
1071 1902 1225 1943 prohibet
1243 1900 1299 1934 W.
1333 1899 1343 1942 1Ι
1379 1902 1396 1932 5
1423 1901 1619 1944 papinianus

201 1947 373 1988 (papianus
391 1946 474 1983 BV)
501 1946 611 1978 eodem
638 1947 716 1986 (om.
739 1946 801 1984 11⁷)
828 1946 916 1978 libro
943 1948 1021 1985 (om.
1040 1946 1069 1978 B
1093 1946 1176 1986 ind.)
1202 1946 1368 1986 singulari
1393 1947 1472 1984 (om.
1492 1944 1559 1985 JV)
1585 1949 1618 1977 et

202 1991 304 2022 titulo
323 1991 406 2029 (—lus
427 1990 489 2031 W)
508 1990 636 2023 BVW:
664 1997 698 2023 et
715 1991 815 2023 titulo
833 1991 1022 2031 delendam,
1041 2002 1117 2023 eum
1134 2002 1299 2034 nusquam
1313 1994 1490 2033 praeterea
1506 1992 1543 2021 in
1559 1991 1619 2021 lzoe

202 2035 334 2078 quidem
359 2037 440 2068 libro
465 2036 595 2068 citando
620 2036 768 2069 addatur
792 2037 924 2069 titulus.
967 2036 977 2079 11
1019 2037 1037 2068 6
1062 2038 1131 2077 lex]
1158 2047 1199 2068 ex
1225 2039 1282 2069 lex
1309 2036 1351 2077 V,
1384 2038 1444 2068 hec
1477 2037 1534 2068 lex
1561 2033 1616 2067 W.

204 2080 219 2124 Η
260 2082 365 2121 necis]
390 2092 451 2113 nec
477 2082 528 2113 his
549 2081 606 2114 W.
648 2082 659 2124 Η
702 2084 718 2113 7
745 2082 850 2122 legem
876 2083 1128 2124 comprehendit
1152 2082 1189 2114 B.
1232 2082 1242 2124 ΙΙ
1285 2082 1304 2114 8
1330 2082 1429 2121 uelis]
1455 2080 1619 2121 Huschke,

202 2127 290 2158 uelle
310 2126 397 2158 libri.
439 2125 448 2167 11
491 2137 563 2158 113111
589 2137 634 2158 sc.
661 2138 688 2159 c.
715 2135 739 2166 Β(
764 2136 828 2159 om.
848 2126 925 2159 lVss.
967 2126 978 2170 11
1021 2127 1058 2159 11
1086 2127 1242 2170 supplem'
1264 2127 1309 2159 ad
1330 2129 1544 2165 sententiam,
1569 2127 1617 2156 si-

202 2172 328 2204 milt'ter
352 2171 512 2204 Huschke.
555 2170 565 2213 11
607 2173 764 2204 maiorem
790 2173 989 2214 aequitatem
1014 2173 1105 2205 BW.
1140 2173 1150 2216 11
1186 2173 1226 2204 12
1253 2173 1433 2205 occidisset
1449 2172 1487 2204 B.
1529 2170 1540 2213 11
1578 2171 1617 2203 14

202 2217 245 2256 51]
264 2218 313 2249 sic
331 2217 374 2249 V.
405 2216 414 2258 ΙΙ
446 2218 518 2259 quis
537 2216 727 2259 Schultlng·‚
752 2218 807 2259 qui
824 2218 921 2250 libri:
946 2218 1007 2250 aliz·
1021 2218 1130 2250 delent
1146 2221 1205 2250 aut
1222 2219 1278 2260 qui
1295 2221 1354 2250 aut
1373 2222 1415 2249 et.
1446 2216 1457 2259 11
1487 2216 1618 2248 adulte-

200 2263 287 2294 rium
312 2262 341 2294 B
365 2261 472 2301 (ind).
514 2261 525 2304 ΙΙ
568 2263 607 2294 15
634 2271 657 2298 R
679 2261 734 2294 W.
777 2260 787 2305 11
831 2264 870 2296 16
896 2268 1029 2295 tenetur
1049 2263 1106 2296 W.
1146 2262 1156 2305 11
1196 2264 1302 2303 legem
1328 2262 1509 2295 corneliam
1528 2260 1618 2293 BW.

203 2306 214 2349 11
258 2308 297 2339 17
324 2307 424 2339 filiam
442 2307 529 2340 BW.
568 2306 584 2350 Η
624 2308 831 2340 uoluntatem
852 2308 908 2341 W.
951 2307 962 2351 11
996 2319 1098 2340 causu
1117 2309 1160 2341 V.
1195 2308 1206 2351 Η
1243 2309 1282 2340 18
1307 2308 1391 2350 quod
1417 2306 1505 2339 forte
1531 2306 1618 2347 sugit

203 2354 283 2391 (om.
302 2352 344 2391 B)
370 2352 439 2385 filia
465 2353 578 2391 (filiam
596 2353 639 2393 B)
663 2352 768 2385 deleto
794 2363 864 2385 uoc.
891 2353 959 2385 filia
984 2354 1117 2385 collocat
1138 2357 1216 2398 post
1239 2358 1373 2386 seruata
1399 2357 1449 2384 est
1466 2351 1619 2384 Huschke

200 2396 426 2441 probabiliter.
475 2397 485 2441 11
536 2399 573 2430 19
606 2399 699 2440 ponit
723 2398 761 2430 B.
809 2399 822 2439 ΙΙ
863 2399 903 2430 20
934 2404 1061 2441 patrem
1089 2400 1132 2432 V.
1175 2398 1185 2441 11
1227 2400 1265 2431 21
1299 2398 1408 2430 uoluit
1437 2398 1495 2429 sed
1527 2397 1617 2439 quia]

203 2443 367 2474 uoluisset
400 2443 455 2485 qui
481 2443 518 2475 B.
559 2442 570 2486 Ι]
612 2444 652 2475 22
679 2444 839 2485 papianus
871 2444 957 2476 idem
983 2444 1021 2484 B,
1053 2454 1117 2476 om.
1144 2444 1188 2476 V.
1230 2443 1240 2486 ΙΙ
1283 2444 1323 2475 23
1349 2443 1551 2475 adulterium
1571 2441 1614 2474 V.

204 2486 214 2529 11
260 2489 499 2530 deprehensum
526 2489 563 2521 B.
617 2487 627 2530 11
681 2489 847 2520 occiderit
866 2489 909 2521 V.
958 2488 968 2530 11
1016 2490 1058 2521 24
1083 2490 1157 2529 lege
1182 2489 1268 2521 libri.
1317 2487 1328 2531 l}
1377 2488 1497 2519 incidit
1521 2487 1562 2520 B.
1604 2487 1616 2530 11

205 2541 229 2569 Β(
250 2532 305 2564 W.
349 2532 360 2576 ΙΙ
403 2535 527 2565 1111113111
551 2539 679 2576 partem
697 2533 754 2567 W.
796 2532 806 2575 l}
848 2534 889 2565 25
916 2537 1044 2577 aperte]
1070 2545 1087 2567 a
1107 2539 1200 2576 parte
1218 2534 1256 2566 B.
1298 2532 1310 2576 11
1342 2533 1384 2565 26
1410 2533 1482 2574 lege
1504 2531 1560 2564 W.
1603 2534 1614 2574 1]

204 2577 343 2610 fecisset
368 2579 405 2610 B.
449 2578 459 2621 11
501 2590 563 2611 11011
590 2579 784 2620 ambigitur]
817 2590 879 2610 non
910 2580 1105 2612 dubitantur
1130 2590 1191 2611 non
1217 2579 1399 2620 ambigitur
1424 2578 1615 2617 (ambicitur

206 2623 247 2664 B)
274 2623 400 2656 BVW:
424 2627 502 2668 post
527 2625 736 2667 permittitur
767 2624 838 2665 153,
868 2626 881 2656 1
909 2627 1031 2667 repetit
1055 2625 1237 2665 ambigitur
1261 2624 1310 2656 sic
1336 2624 1419 2656 dicit
1440 2634 1501 2655 11011
1521 2623 1615 2654 dubi-

206 2672 320 2700 tantur
338 2668 376 2700 B.
418 2668 428 2711 11
469 2671 584 2712 poena]
612 2675 711 2712 ponat
728 2669 766 2712 B,
791 2680 894 2712 poena
921 2673 971 2703 sin
993 2669 1048 2703 W.

1652 742 1699 775 10

1653 1023 1698 1058 15

1648 1307 1696 1341 20

1647 1590 1694 1625 25
