<?xml version="1.0" encoding="UTF-8"?>
<!DOCTYPE html PUBLIC "-//W3C//DTD XHTML 1.0 Transitional//EN"
    "http://www.w3.org/TR/xhtml1/DTD/xhtml1-transitional.dtd">
<html xmlns="http://www.w3.org/1999/xhtml" xml:lang="en" lang="en">
 <head>
  <title>
</title>
<meta http-equiv="Content-Type" content="text/html;charset=utf-8" />
  <meta name='ocr-system' content='tesseract 3.04.00' />
  <meta name='ocr-capabilities' content='ocr_page ocr_carea ocr_par ocr_line ocrx_word'/>
</head>
<body>
  <div class='ocr_page' id='page_1' title='image "./collectiolibroru03krue_0192.png"; bbox 0 0 1828 3011; ppageno 0'>
   <div class='ocr_carea' id='block_1_1' title="bbox 229 154 671 197">
    <p class='ocr_par' dir='ltr' id='par_1_1' title="bbox 229 154 671 197">
     <span class='ocr_line' id='line_1_1' title="bbox 229 154 671 197; baseline 0 -6"><span class='ocrx_word' id='word_1_1' title='bbox 229 164 422 191; x_wconf 59' lang='lat' dir='ltr'>comario</span> <span class='ocrx_word' id='word_1_2' title='bbox 445 155 497 197; x_wconf 85' lang='lat'>13,</span> <span class='ocrx_word' id='word_1_3' title='bbox 516 154 626 197; x_wconf 86' lang='lat' dir='ltr'>3—l4‚</span> <span class='ocrx_word' id='word_1_4' title='bbox 646 165 671 191; x_wconf 89' lang='lat'>2.</span> 
     </span>
    </p>
   </div>
   <div class='ocr_carea' id='block_1_2' title="bbox 890 154 1151 195">
    <p class='ocr_par' dir='ltr' id='par_1_2' title="bbox 890 154 1151 195">
     <span class='ocr_line' id='line_1_2' title="bbox 890 154 1151 195; baseline -0.004 0"><span class='ocrx_word' id='word_1_5' title='bbox 890 154 973 195; x_wconf 82' lang='lat'>182</span> <span class='ocrx_word' id='word_1_6' title='bbox 1034 177 1151 182; x_wconf 89' lang='lat'>——-</span> 
     </span>
    </p>
   </div>
   <div class='ocr_carea' id='block_1_3' title="bbox 709 178 827 183">
    <p class='ocr_par' dir='ltr' id='par_1_3' title="bbox 709 178 827 183">
     <span class='ocr_line' id='line_1_3' title="bbox 709 178 827 183; baseline 0 0"><span class='ocrx_word' id='word_1_7' title='bbox 709 178 827 183; x_wconf 95' lang='lat' dir='ltr'> </span> 
     </span>
    </p>
   </div>
   <div class='ocr_carea' id='block_1_4' title="bbox 222 268 1678 551">
    <p class='ocr_par' dir='ltr' id='par_1_4' title="bbox 222 268 1678 551">
     <span class='ocr_line' id='line_1_4' title="bbox 228 268 1632 325; baseline -0.004 -13"><span class='ocrx_word' id='word_1_8' title='bbox 228 274 427 324; x_wconf 86' lang='lat' dir='ltr'>‘cuiusque</span> <span class='ocrx_word' id='word_1_9' title='bbox 457 272 604 325; x_wconf 87' lang='lat' dir='ltr'>patitur</span> <span class='ocrx_word' id='word_1_10' title='bbox 634 277 749 319; x_wconf 85' lang='lat' dir='ltr'>aetas,</span> <span class='ocrx_word' id='word_1_11' title='bbox 781 271 943 322; x_wconf 87' lang='lat' dir='ltr'>relegari</span> <span class='ocrx_word' id='word_1_12' title='bbox 972 270 1024 320; x_wconf 90' lang='lat' dir='ltr'>[id</span> <span class='ocrx_word' id='word_1_13' title='bbox 1054 275 1115 308; x_wconf 88' lang='lat' dir='ltr'>est</span> <span class='ocrx_word' id='word_1_14' title='bbox 1135 268 1168 308; x_wconf 88' lang='lat' dir='ltr'>si</span> <span class='ocrx_word' id='word_1_15' title='bbox 1189 268 1369 308; x_wconf 89' lang='lat' dir='ltr'>iuuenior</span> <span class='ocrx_word' id='word_1_16' title='bbox 1398 270 1437 309; x_wconf 90' lang='lat' dir='ltr'>in</span> <span class='ocrx_word' id='word_1_17' title='bbox 1467 269 1632 320; x_wconf 87' lang='lat' dir='ltr'>longius,</span> 
     </span>
     <span class='ocr_line' id='line_1_5' title="bbox 226 325 1632 376; baseline -0.004 -7"><span class='ocrx_word' id='word_1_18' title='bbox 226 330 271 368; x_wconf 88' lang='lat' dir='ltr'>‘si</span> <span class='ocrx_word' id='word_1_19' title='bbox 305 330 435 368; x_wconf 89' lang='lat' dir='ltr'>senior</span> <span class='ocrx_word' id='word_1_20' title='bbox 465 329 645 368; x_wconf 84' lang='lat' dir='ltr'><strong>recisius:</strong></span> <span class='ocrx_word' id='word_1_21' title='bbox 689 328 721 367; x_wconf 88' lang='lat' dir='ltr'>si</span> <span class='ocrx_word' id='word_1_22' title='bbox 752 340 845 367; x_wconf 92' lang='lat' dir='ltr'>uero</span> <span class='ocrx_word' id='word_1_23' title='bbox 885 326 948 366; x_wconf 90' lang='lat' dir='ltr'>alii</span> <span class='ocrx_word' id='word_1_24' title='bbox 978 325 1177 376; x_wconf 83' lang='lat' dir='ltr'><strong>negotium</strong></span> <span class='ocrx_word' id='word_1_25' title='bbox 1210 332 1414 376; x_wconf 86' lang='lat' dir='ltr'>gesserunt</span> <span class='ocrx_word' id='word_1_26' title='bbox 1444 332 1483 365; x_wconf 90' lang='lat' dir='ltr'>et</span> <span class='ocrx_word' id='word_1_27' title='bbox 1513 325 1632 364; x_wconf 91' lang='lat' dir='ltr'>mini-</span> 
     </span>
     <span class='ocr_line' id='line_1_6' title="bbox 224 381 1631 435; baseline -0.004 -10"><span class='ocrx_word' id='word_1_28' title='bbox 224 386 355 425; x_wconf 84' lang='lat' dir='ltr'>‘sterio</span> <span class='ocrx_word' id='word_1_29' title='bbox 387 386 510 425; x_wconf 84' lang='lat' dir='ltr'>functi</span> <span class='ocrx_word' id='word_1_30' title='bbox 541 391 646 431; x_wconf 89' lang='lat' dir='ltr'>sunt,</span> <span class='ocrx_word' id='word_1_31' title='bbox 675 384 865 435; x_wconf 87' lang='lat' dir='ltr'>castigari]</span> <span class='ocrx_word' id='word_1_32' title='bbox 886 388 924 422; x_wconf 87' lang='lat' dir='ltr'>et</span> <span class='ocrx_word' id='word_1_33' title='bbox 954 382 1009 421; x_wconf 87' lang='lat' dir='ltr'>sic</span> <span class='ocrx_word' id='word_1_34' title='bbox 1038 383 1080 421; x_wconf 92' lang='lat' dir='ltr'>in</span> <span class='ocrx_word' id='word_1_35' title='bbox 1111 381 1310 421; x_wconf 86' lang='lat' dir='ltr'>biennium</span> <span class='ocrx_word' id='word_1_36' title='bbox 1333 388 1400 422; x_wconf 90' lang='lat' dir='ltr'>aut</span> <span class='ocrx_word' id='word_1_37' title='bbox 1420 382 1631 421; x_wconf 85' lang='lat' dir='ltr'>triennium</span> 
     </span>
     <span class='ocr_line' id='line_1_7' title="bbox 223 438 1630 494; baseline -0.003 -13"><span class='ocrx_word' id='word_1_38' title='bbox 223 443 281 481; x_wconf 88' lang='lat' dir='ltr'>‘ad</span> <span class='ocrx_word' id='word_1_39' title='bbox 315 455 411 494; x_wconf 92' lang='lat' dir='ltr'>opus</span> <span class='ocrx_word' id='word_1_40' title='bbox 442 442 640 493; x_wconf 89' lang='lat' dir='ltr'>publicum</span> <span class='ocrx_word' id='word_1_41' title='bbox 673 440 766 480; x_wconf 86' lang='lat' dir='ltr'>dari.</span> <span class='ocrx_word' id='word_1_42' title='bbox 818 439 922 490; x_wconf 90' lang='lat' dir='ltr'>quod</span> <span class='ocrx_word' id='word_1_43' title='bbox 945 438 977 477; x_wconf 89' lang='lat' dir='ltr'>si</span> <span class='ocrx_word' id='word_1_44' title='bbox 998 451 1067 489; x_wconf 89' lang='lat' dir='ltr'>per</span> <span class='ocrx_word' id='word_1_45' title='bbox 1087 438 1342 489; x_wconf 83' lang='lat' dir='ltr'>ignorantiam</span> <span class='ocrx_word' id='word_1_46' title='bbox 1373 444 1441 478; x_wconf 92' lang='lat' dir='ltr'>aut</span> <span class='ocrx_word' id='word_1_47' title='bbox 1469 438 1630 477; x_wconf 88' lang='lat' dir='ltr'>fortuito</span> 
     </span>
     <span class='ocr_line' id='line_1_8' title="bbox 222 494 1678 551; baseline -0.004 -13"><span class='ocrx_word' id='word_1_48' title='bbox 222 499 378 551; x_wconf 86' lang='lat' dir='ltr'>‘lapides</span> <span class='ocrx_word' id='word_1_49' title='bbox 410 511 504 538; x_wconf 89' lang='lat' dir='ltr'>usus</span> <span class='ocrx_word' id='word_1_50' title='bbox 536 510 650 537; x_wconf 88' lang='lat' dir='ltr'>causa</span> <span class='ocrx_word' id='word_1_51' title='bbox 680 496 797 536; x_wconf 87' lang='lat' dir='ltr'>furati</span> <span class='ocrx_word' id='word_1_52' title='bbox 819 502 924 541; x_wconf 86' lang='lat' dir='ltr'>sunt,</span> <span class='ocrx_word' id='word_1_53' title='bbox 947 494 1091 534; x_wconf 85' lang='lat' dir='ltr'>sufficit</span> <span class='ocrx_word' id='word_1_54' title='bbox 1111 507 1176 533; x_wconf 91' lang='lat' dir='ltr'>eos</span> <span class='ocrx_word' id='word_1_55' title='bbox 1199 494 1427 534; x_wconf 88' lang='lat' dir='ltr'>uerberibus</span> <span class='ocrx_word' id='word_1_56' title='bbox 1448 495 1628 534; x_wconf 82' lang='lat' dir='ltr'>coerceri.</span> <span class='ocrx_word' id='word_1_57' title='bbox 1656 496 1678 532; x_wconf 83' lang='lat'><strong><em>5</em></strong></span> 
     </span>
    </p>
   </div>
   <div class='ocr_carea' id='block_1_5' title="bbox 759 690 1103 734">
    <p class='ocr_par' dir='ltr' id='par_1_5' title="bbox 759 690 1103 734">
     <span class='ocr_line' id='line_1_9' title="bbox 759 690 1103 734; baseline 0 -11"><span class='ocrx_word' id='word_1_58' title='bbox 759 691 967 734; x_wconf 80' lang='lat' dir='ltr'>&lt;T1Tvas</span> <span class='ocrx_word' id='word_1_59' title='bbox 992 690 1103 733; x_wconf 77' lang='lat' dir='ltr'>xlm&gt;</span> 
     </span>
    </p>
   </div>
   <div class='ocr_carea' id='block_1_6' title="bbox 685 754 1164 795">
    <p class='ocr_par' dir='ltr' id='par_1_6' title="bbox 685 754 1164 795">
     <span class='ocr_line' id='line_1_10' title="bbox 685 754 1164 795; baseline -0.004 0"><span class='ocrx_word' id='word_1_60' title='bbox 685 755 756 795; x_wconf 91' lang='lat' dir='ltr'>DE</span> <span class='ocrx_word' id='word_1_61' title='bbox 797 754 1164 794; x_wconf 83' lang='lat' dir='ltr'>PLAGIARIIS.</span> 
     </span>
    </p>
   </div>
   <div class='ocr_carea' id='block_1_7' title="bbox 83 820 1706 1652">
    <p class='ocr_par' dir='ltr' id='par_1_7' title="bbox 83 820 1705 1143">
     <span class='ocr_line' id='line_1_11' title="bbox 83 820 563 868; baseline 0 -9"><span class='ocrx_word' id='word_1_62' title='bbox 83 825 137 866; x_wconf 89' lang='lat'>14,</span> <span class='ocrx_word' id='word_1_63' title='bbox 155 837 208 868; x_wconf 82' lang='lat'>1,1</span> <span class='ocrx_word' id='word_1_64' title='bbox 279 834 420 860; x_wconf 68' lang='lat' dir='ltr'>moyses</span> <span class='ocrx_word' id='word_1_65' title='bbox 452 820 563 860; x_wconf 92' lang='lat' dir='ltr'>dicit:</span> 
     </span>
     <span class='ocr_line' id='line_1_12' title="bbox 333 875 1633 929; baseline -0.002 -13"><span class='ocrx_word' id='word_1_66' title='bbox 333 878 578 929; x_wconf 85' lang='lat' dir='ltr'>Quicumque</span> <span class='ocrx_word' id='word_1_67' title='bbox 614 877 840 929; x_wconf 86' lang='lat' dir='ltr'>plagiauerit</span> <span class='ocrx_word' id='word_1_68' title='bbox 875 888 1112 928; x_wconf 81' lang='lat' dir='ltr'>quemquam</span> <span class='ocrx_word' id='word_1_69' title='bbox 1150 876 1296 915; x_wconf 86' lang='lat' dir='ltr'>Israhel</span> <span class='ocrx_word' id='word_1_70' title='bbox 1337 881 1375 914; x_wconf 90' lang='lat' dir='ltr'>et</span> <span class='ocrx_word' id='word_1_71' title='bbox 1414 875 1633 914; x_wconf 89' lang='lat' dir='ltr'>uendiderit</span> 
     </span>
     <span class='ocr_line' id='line_1_13' title="bbox 220 933 1705 982; baseline -0.003 -8"><span class='ocrx_word' id='word_1_72' title='bbox 220 947 322 982; x_wconf 91' lang='lat' dir='ltr'>eum,</span> <span class='ocrx_word' id='word_1_73' title='bbox 354 941 479 974; x_wconf 89' lang='lat' dir='ltr'>morte</span> <span class='ocrx_word' id='word_1_74' title='bbox 511 933 712 973; x_wconf 89' lang='lat' dir='ltr'>moriatur.</span> <span class='ocrx_word' id='word_1_75' title='bbox 1662 936 1705 971; x_wconf 90' lang='grc'>10</span> 
     </span>
     <span class='ocr_line' id='line_1_14' title="bbox 83 987 1590 1039; baseline -0.004 -8"><span class='ocrx_word' id='word_1_76' title='bbox 83 990 138 1031; x_wconf 80' lang='lat'>14,</span> <span class='ocrx_word' id='word_1_77' title='bbox 155 1003 208 1032; x_wconf 82' lang='lat'>2,1</span> <span class='ocrx_word' id='word_1_78' title='bbox 280 1003 420 1030; x_wconf 79' lang='lat' dir='ltr'>PAVLVS</span> <span class='ocrx_word' id='word_1_79' title='bbox 450 990 549 1029; x_wconf 90' lang='lat' dir='ltr'>libro</span> <span class='ocrx_word' id='word_1_80' title='bbox 580 990 863 1029; x_wconf 88' lang='lat' dir='ltr'>sententiarum</span> <span class='ocrx_word' id='word_1_81' title='bbox 884 989 914 1027; x_wconf 91' lang='lat' dir='ltr'>V</span> <span class='ocrx_word' id='word_1_82' title='bbox 935 989 1008 1028; x_wconf 86' lang='lat' dir='ltr'>sub</span> <span class='ocrx_word' id='word_1_83' title='bbox 1040 988 1153 1028; x_wconf 89' lang='lat' dir='ltr'>titulo</span> <span class='ocrx_word' id='word_1_84' title='bbox 1185 988 1231 1027; x_wconf 91' lang='lat' dir='ltr'>ad</span> <span class='ocrx_word' id='word_1_85' title='bbox 1261 988 1384 1039; x_wconf 85' lang='lat' dir='ltr'>legem</span> <span class='ocrx_word' id='word_1_86' title='bbox 1415 987 1590 1027; x_wconf 87' lang='lat' dir='ltr'>Fabiam:</span> 
     </span>
     <span class='ocr_line' id='line_1_15' title="bbox 332 1045 1633 1098; baseline -0.003 -12"><span class='ocrx_word' id='word_1_87' title='bbox 332 1047 431 1098; x_wconf 86' lang='lat' dir='ltr'>Lege</span> <span class='ocrx_word' id='word_1_88' title='bbox 477 1047 591 1086; x_wconf 87' lang='lat' dir='ltr'>Fabia</span> <span class='ocrx_word' id='word_1_89' title='bbox 637 1053 811 1094; x_wconf 83' lang='lat' dir='ltr'>tenetur,</span> <span class='ocrx_word' id='word_1_90' title='bbox 865 1047 932 1097; x_wconf 88' lang='lat' dir='ltr'>qui</span> <span class='ocrx_word' id='word_1_91' title='bbox 979 1046 1105 1085; x_wconf 90' lang='lat' dir='ltr'>ciuem</span> <span class='ocrx_word' id='word_1_92' title='bbox 1151 1045 1371 1084; x_wconf 89' lang='lat' dir='ltr'>Romanum</span> <span class='ocrx_word' id='word_1_93' title='bbox 1417 1045 1633 1095; x_wconf 87' lang='lat' dir='ltr'>ingenuum</span> 
     </span>
     <span class='ocr_line' id='line_1_16' title="bbox 219 1100 1634 1143; baseline -0.004 0"><span class='ocrx_word' id='word_1_94' title='bbox 219 1103 497 1143; x_wconf 85' lang='lat' dir='ltr'>libertinumue</span> <span class='ocrx_word' id='word_1_95' title='bbox 537 1116 747 1143; x_wconf 88' lang='lat' dir='ltr'>seruumue</span> <span class='ocrx_word' id='word_1_96' title='bbox 785 1103 953 1142; x_wconf 88' lang='lat' dir='ltr'>alienum</span> <span class='ocrx_word' id='word_1_97' title='bbox 991 1101 1174 1141; x_wconf 88' lang='lat' dir='ltr'>celauerit</span> <span class='ocrx_word' id='word_1_98' title='bbox 1215 1101 1433 1141; x_wconf 86' lang='lat' dir='ltr'>uendiderit</span> <span class='ocrx_word' id='word_1_99' title='bbox 1463 1100 1634 1140; x_wconf 88' lang='lat' dir='ltr'>uinxerit</span> 
     </span>
    </p>

    <p class='ocr_par' dir='ltr' id='par_1_8' title="bbox 185 1158 1705 1436">
     <span class='ocr_line' id='line_1_17' title="bbox 185 1158 1633 1212; baseline -0.003 -12"><span class='ocrx_word' id='word_1_100' title='bbox 185 1165 201 1188; x_wconf 86' lang='lat'>2</span> <span class='ocrx_word' id='word_1_101' title='bbox 222 1162 519 1212; x_wconf 88' lang='lat' dir='ltr'>comparauerit.</span> <span class='ocrx_word' id='word_1_102' title='bbox 585 1166 623 1199; x_wconf 91' lang='lat' dir='ltr'>et</span> <span class='ocrx_word' id='word_1_103' title='bbox 660 1160 750 1199; x_wconf 88' lang='lat' dir='ltr'>olim</span> <span class='ocrx_word' id='word_1_104' title='bbox 792 1159 950 1211; x_wconf 89' lang='lat' dir='ltr'>quidem</span> <span class='ocrx_word' id='word_1_105' title='bbox 982 1159 1098 1198; x_wconf 87' lang='lat' dir='ltr'>huius</span> <span class='ocrx_word' id='word_1_106' title='bbox 1129 1158 1222 1208; x_wconf 85' lang='lat' dir='ltr'>legis</span> <span class='ocrx_word' id='word_1_107' title='bbox 1260 1171 1384 1210; x_wconf 89' lang='lat' dir='ltr'>poena</span> <span class='ocrx_word' id='word_1_108' title='bbox 1414 1158 1633 1197; x_wconf 90' lang='lat' dir='ltr'>nummaria</span> 
     </span>
     <span class='ocr_line' id='line_1_18' title="bbox 220 1214 1705 1267; baseline -0.003 -11"><span class='ocrx_word' id='word_1_109' title='bbox 220 1217 303 1264; x_wconf 81' lang='lat' dir='ltr'>fuit,</span> <span class='ocrx_word' id='word_1_110' title='bbox 336 1217 401 1256; x_wconf 86' lang='lat' dir='ltr'>sed</span> <span class='ocrx_word' id='word_1_111' title='bbox 435 1217 619 1256; x_wconf 89' lang='lat' dir='ltr'>translata</span> <span class='ocrx_word' id='word_1_112' title='bbox 659 1223 719 1255; x_wconf 90' lang='lat' dir='ltr'>est</span> <span class='ocrx_word' id='word_1_113' title='bbox 757 1215 925 1267; x_wconf 79' lang='lat' dir='ltr'>cognitio</span> <span class='ocrx_word' id='word_1_114' title='bbox 963 1215 1004 1254; x_wconf 91' lang='lat' dir='ltr'>in</span> <span class='ocrx_word' id='word_1_115' title='bbox 1035 1216 1274 1267; x_wconf 84' lang='lat' dir='ltr'>praefectum</span> <span class='ocrx_word' id='word_1_116' title='bbox 1306 1214 1431 1261; x_wconf 90' lang='lat' dir='ltr'>urbis,</span> <span class='ocrx_word' id='word_1_117' title='bbox 1463 1215 1634 1265; x_wconf 85' lang='lat' dir='ltr'>itemque</span> <span class='ocrx_word' id='word_1_118' title='bbox 1662 1217 1705 1253; x_wconf 89' lang='lat'>15</span> 
     </span>
     <span class='ocr_line' id='line_1_19' title="bbox 220 1270 1633 1325; baseline -0.002 -13"><span class='ocrx_word' id='word_1_119' title='bbox 220 1273 408 1325; x_wconf 87' lang='lat' dir='ltr'>praesidis</span> <span class='ocrx_word' id='word_1_120' title='bbox 447 1273 669 1325; x_wconf 88' lang='lat' dir='ltr'>prouinciae</span> <span class='ocrx_word' id='word_1_121' title='bbox 705 1279 812 1312; x_wconf 86' lang='lat' dir='ltr'>extra</span> <span class='ocrx_word' id='word_1_122' title='bbox 854 1272 1029 1311; x_wconf 91' lang='lat' dir='ltr'>ordinem</span> <span class='ocrx_word' id='word_1_123' title='bbox 1066 1272 1209 1310; x_wconf 89' lang='lat' dir='ltr'>meruit</span> <span class='ocrx_word' id='word_1_124' title='bbox 1239 1270 1633 1310; x_wconf 89' lang='lat' dir='ltr'>animaduersionem.</span> 
     </span>
     <span class='ocr_line' id='line_1_20' title="bbox 218 1327 1633 1381; baseline -0.003 -12"><span class='ocrx_word' id='word_1_125' title='bbox 218 1330 384 1381; x_wconf 90' lang='lat' dir='ltr'>ideoque</span> <span class='ocrx_word' id='word_1_126' title='bbox 425 1330 651 1369; x_wconf 90' lang='lat' dir='ltr'>humiliores</span> <span class='ocrx_word' id='word_1_127' title='bbox 693 1335 761 1368; x_wconf 89' lang='lat' dir='ltr'>aut</span> <span class='ocrx_word' id='word_1_128' title='bbox 796 1329 835 1367; x_wconf 94' lang='lat' dir='ltr'>in</span> <span class='ocrx_word' id='word_1_129' title='bbox 876 1329 1074 1367; x_wconf 84' lang='lat' dir='ltr'>metallum</span> <span class='ocrx_word' id='word_1_130' title='bbox 1113 1328 1255 1367; x_wconf 86' lang='lat' dir='ltr'>dantur</span> <span class='ocrx_word' id='word_1_131' title='bbox 1300 1334 1366 1366; x_wconf 92' lang='lat' dir='ltr'>aut</span> <span class='ocrx_word' id='word_1_132' title='bbox 1401 1327 1441 1366; x_wconf 94' lang='lat' dir='ltr'>in</span> <span class='ocrx_word' id='word_1_133' title='bbox 1477 1339 1633 1366; x_wconf 90' lang='lat' dir='ltr'>crucem</span> 
     </span>
     <span class='ocr_line' id='line_1_21' title="bbox 221 1383 1634 1436; baseline -0.003 -11"><span class='ocrx_word' id='word_1_134' title='bbox 221 1387 423 1433; x_wconf 88' lang='lat' dir='ltr'>tolluntur,</span> <span class='ocrx_word' id='word_1_135' title='bbox 454 1386 698 1425; x_wconf 87' lang='lat' dir='ltr'>honestiores</span> <span class='ocrx_word' id='word_1_136' title='bbox 730 1385 907 1436; x_wconf 88' lang='lat' dir='ltr'>adempta</span> <span class='ocrx_word' id='word_1_137' title='bbox 938 1384 1095 1423; x_wconf 87' lang='lat' dir='ltr'>dimidia</span> <span class='ocrx_word' id='word_1_138' title='bbox 1117 1390 1226 1435; x_wconf 87' lang='lat' dir='ltr'>parte</span> <span class='ocrx_word' id='word_1_139' title='bbox 1257 1384 1451 1423; x_wconf 89' lang='lat' dir='ltr'>bonorum</span> <span class='ocrx_word' id='word_1_140' title='bbox 1482 1383 1520 1421; x_wconf 93' lang='lat' dir='ltr'>in</span> <span class='ocrx_word' id='word_1_141' title='bbox 1543 1396 1634 1435; x_wconf 91' lang='lat' dir='ltr'>per-</span> 
     </span>
    </p>

    <p class='ocr_par' dir='ltr' id='par_1_9' title="bbox 183 1440 1706 1652">
     <span class='ocr_line' id='line_1_22' title="bbox 183 1440 1634 1495; baseline -0.003 -13"><span class='ocrx_word' id='word_1_142' title='bbox 183 1446 198 1471; x_wconf 88' lang='grc'><strong>3</strong></span> <span class='ocrx_word' id='word_1_143' title='bbox 219 1450 381 1495; x_wconf 88' lang='lat' dir='ltr'>petuum</span> <span class='ocrx_word' id='word_1_144' title='bbox 412 1443 643 1493; x_wconf 86' lang='lat' dir='ltr'>relegantur.</span> <span class='ocrx_word' id='word_1_145' title='bbox 695 1442 727 1480; x_wconf 88' lang='lat' dir='ltr'>si</span> <span class='ocrx_word' id='word_1_146' title='bbox 749 1454 886 1480; x_wconf 85' lang='lat' dir='ltr'>seruus</span> <span class='ocrx_word' id='word_1_147' title='bbox 909 1441 1054 1480; x_wconf 90' lang='lat' dir='ltr'>sciente</span> <span class='ocrx_word' id='word_1_148' title='bbox 1086 1441 1242 1480; x_wconf 90' lang='lat' dir='ltr'>domino</span> <span class='ocrx_word' id='word_1_149' title='bbox 1273 1440 1443 1479; x_wconf 89' lang='lat' dir='ltr'>alienum</span> <span class='ocrx_word' id='word_1_150' title='bbox 1475 1452 1634 1478; x_wconf 92' lang='lat' dir='ltr'>seruum</span> 
     </span>
     <span class='ocr_line' id='line_1_23' title="bbox 220 1496 1706 1550; baseline -0.003 -12"><span class='ocrx_word' id='word_1_151' title='bbox 220 1499 454 1538; x_wconf 85' lang='lat' dir='ltr'>subtraxerit</span> <span class='ocrx_word' id='word_1_152' title='bbox 484 1498 704 1538; x_wconf 88' lang='lat' dir='ltr'>uendiderit</span> <span class='ocrx_word' id='word_1_153' title='bbox 735 1497 933 1544; x_wconf 90' lang='lat' dir='ltr'>celauerit‚</span> <span class='ocrx_word' id='word_1_154' title='bbox 974 1497 1015 1535; x_wconf 92' lang='lat' dir='ltr'>in</span> <span class='ocrx_word' id='word_1_155' title='bbox 1055 1497 1183 1550; x_wconf 88' lang='lat' dir='ltr'>ipsum</span> <span class='ocrx_word' id='word_1_156' title='bbox 1221 1496 1424 1535; x_wconf 89' lang='lat' dir='ltr'>dominum</span> <span class='ocrx_word' id='word_1_157' title='bbox 1454 1496 1632 1535; x_wconf 89' lang='lat' dir='ltr'>animad-</span> <span class='ocrx_word' id='word_1_158' title='bbox 1659 1500 1706 1534; x_wconf 84' lang='lat'>20</span> 
     </span>
     <span class='ocr_line' id='line_1_24' title="bbox 219 1552 1634 1607; baseline -0.002 -13"><span class='ocrx_word' id='word_1_159' title='bbox 219 1555 404 1595; x_wconf 87' lang='lat' dir='ltr'>uertitur:</span> <span class='ocrx_word' id='word_1_160' title='bbox 439 1556 543 1607; x_wconf 88' lang='lat' dir='ltr'>quod</span> <span class='ocrx_word' id='word_1_161' title='bbox 575 1555 607 1594; x_wconf 91' lang='lat' dir='ltr'>si</span> <span class='ocrx_word' id='word_1_162' title='bbox 629 1554 668 1593; x_wconf 91' lang='lat' dir='ltr'>id</span> <span class='ocrx_word' id='word_1_163' title='bbox 691 1554 848 1593; x_wconf 90' lang='lat' dir='ltr'>domino</span> <span class='ocrx_word' id='word_1_164' title='bbox 870 1554 1071 1605; x_wconf 84' lang='lat' dir='ltr'>ignorante</span> <span class='ocrx_word' id='word_1_165' title='bbox 1094 1553 1345 1599; x_wconf 87' lang='lat' dir='ltr'>commiserit,</span> <span class='ocrx_word' id='word_1_166' title='bbox 1372 1553 1412 1592; x_wconf 89' lang='lat' dir='ltr'>in</span> <span class='ocrx_word' id='word_1_167' title='bbox 1434 1552 1634 1592; x_wconf 89' lang='lat' dir='ltr'>metallum</span> 
     </span>
     <span class='ocr_line' id='line_1_25' title="bbox 219 1612 343 1652; baseline -0.008 -1"><span class='ocrx_word' id='word_1_168' title='bbox 219 1612 343 1652; x_wconf 89' lang='lat' dir='ltr'>datur.</span> 
     </span>
    </p>
   </div>
   <div class='ocr_carea' id='block_1_8' title="bbox 217 1671 1635 1856">
    <p class='ocr_par' dir='ltr' id='par_1_10' title="bbox 217 1671 1635 1803">
     <span class='ocr_line' id='line_1_26' title="bbox 309 1671 1635 1725; baseline -0.002 -14"><span class='ocrx_word' id='word_1_169' title='bbox 309 1690 337 1711; x_wconf 93' lang='lat' dir='ltr'>c.</span> <span class='ocrx_word' id='word_1_170' title='bbox 367 1678 570 1711; x_wconf 75' lang='lat' dir='ltr'>l=E¹oeotL</span> <span class='ocrx_word' id='word_1_171' title='bbox 596 1678 650 1720; x_wconf 87' lang='lat'>21,</span> <span class='ocrx_word' id='word_1_172' title='bbox 678 1679 734 1710; x_wconf 88' lang='lat'>17:</span> <span class='ocrx_word' id='word_1_173' title='bbox 772 1674 811 1715; x_wconf 79' lang='grc' dir='ltr'>ὃς</span> <span class='ocrx_word' id='word_1_174' title='bbox 846 1674 910 1710; x_wconf 74' lang='grc' dir='ltr'>ἐὰν</span> <span class='ocrx_word' id='word_1_175' title='bbox 941 1677 1052 1725; x_wconf 77' lang='grc' dir='ltr'><em>κλέψῃ</em></span> <span class='ocrx_word' id='word_1_176' title='bbox 1088 1679 1138 1714; x_wconf 78' lang='grc' dir='ltr'>τίς</span> <span class='ocrx_word' id='word_1_177' title='bbox 1169 1687 1247 1710; x_wconf 82' lang='grc' dir='ltr'><em>τινα</em></span> <span class='ocrx_word' id='word_1_178' title='bbox 1277 1677 1349 1709; x_wconf 81' lang='grc' dir='ltr'>τῶν</span> <span class='ocrx_word' id='word_1_179' title='bbox 1380 1675 1466 1708; x_wconf 80' lang='grc' dir='ltr'>υἱῶν</span> <span class='ocrx_word' id='word_1_180' title='bbox 1493 1671 1635 1722; x_wconf 77' lang='grc' dir='ltr'><strong><em>Ἰσραὴλ</em></strong></span> 
     </span>
     <span class='ocr_line' id='line_1_27' title="bbox 217 1715 1634 1769; baseline -0.003 -12"><span class='ocrx_word' id='word_1_181' title='bbox 217 1725 279 1757; x_wconf 80' lang='grc' dir='ltr'>καὶ</span> <span class='ocrx_word' id='word_1_182' title='bbox 305 1720 641 1761; x_wconf 78' lang='grc' dir='ltr'><em>καταδυναστεύσας</em></span> <span class='ocrx_word' id='word_1_183' title='bbox 671 1721 781 1756; x_wconf 82' lang='grc' dir='ltr'><em>αὐτὸν</em></span> <span class='ocrx_word' id='word_1_184' title='bbox 816 1721 1001 1756; x_wconf 72' lang='grc' dir='ltr'><em>ἀποδῶται</em></span> <span class='ocrx_word' id='word_1_185' title='bbox 1031 1724 1091 1756; x_wconf 82' lang='grc' dir='ltr'>καὶ</span> <span class='ocrx_word' id='word_1_186' title='bbox 1124 1721 1251 1769; x_wconf 77' lang='grc' dir='ltr'><em>εὲρεθῇ</em></span> <span class='ocrx_word' id='word_1_187' title='bbox 1281 1721 1319 1755; x_wconf 76' lang='grc' dir='ltr'>ἐν</span> <span class='ocrx_word' id='word_1_188' title='bbox 1349 1717 1456 1762; x_wconf 80' lang='grc' dir='ltr'><strong><em>αὐτῷ,</em></strong></span> <span class='ocrx_word' id='word_1_189' title='bbox 1487 1715 1634 1765; x_wconf 76' lang='grc' dir='ltr'><em>θανάτῳ</em></span> 
     </span>
     <span class='ocr_line' id='line_1_28' title="bbox 217 1768 419 1803; baseline -0.005 0"><span class='ocrx_word' id='word_1_190' title='bbox 217 1768 419 1803; x_wconf 78' lang='grc' dir='ltr'><em>τελευτάτω.</em></span> 
     </span>
    </p>

    <p class='ocr_par' dir='ltr' id='par_1_11' title="bbox 310 1813 906 1856">
     <span class='ocr_line' id='line_1_29' title="bbox 310 1813 906 1856; baseline -0.003 -8"><span class='ocrx_word' id='word_1_191' title='bbox 310 1827 337 1848; x_wconf 92' lang='lat' dir='ltr'>c.</span> <span class='ocrx_word' id='word_1_192' title='bbox 364 1816 381 1846; x_wconf 86' lang='lat'><strong>2</strong></span> <span class='ocrx_word' id='word_1_193' title='bbox 407 1816 485 1847; x_wconf 71' lang='lat' dir='ltr'>ltine</span> <span class='ocrx_word' id='word_1_194' title='bbox 509 1817 589 1847; x_wconf 82' lang='lat' dir='ltr'>rest.</span> <span class='ocrx_word' id='word_1_195' title='bbox 613 1813 742 1847; x_wconf 81' lang='lat' dir='ltr'>Paulus</span> <span class='ocrx_word' id='word_1_196' title='bbox 767 1816 799 1856; x_wconf 88' lang='lat'>5,</span> <span class='ocrx_word' id='word_1_197' title='bbox 825 1814 866 1846; x_wconf 86' lang='lat'>30</span> <span class='ocrx_word' id='word_1_198' title='bbox 879 1815 906 1846; x_wconf 95' lang='lat' dir='ltr'>b.</span> 
     </span>
    </p>
   </div>
   <div class='ocr_carea' id='block_1_9' title="bbox 215 1891 1636 2752">
    <p class='ocr_par' dir='ltr' id='par_1_12' title="bbox 215 1891 1636 2752">
     <span class='ocr_line' id='line_1_30' title="bbox 311 1891 1630 1938; baseline -0.002 -11"><span class='ocrx_word' id='word_1_199' title='bbox 311 1896 325 1927; x_wconf 92' lang='lat'>1</span> <span class='ocrx_word' id='word_1_200' title='bbox 369 1896 604 1938; x_wconf 88' lang='lat' dir='ltr'>cuiuscumque</span> <span class='ocrx_word' id='word_1_201' title='bbox 634 1896 761 1938; x_wconf 86' lang='lat' dir='ltr'>patitur</span> <span class='ocrx_word' id='word_1_202' title='bbox 789 1894 837 1935; x_wconf 86' lang='lat' dir='ltr'>V,</span> <span class='ocrx_word' id='word_1_203' title='bbox 874 1896 1032 1936; x_wconf 84' lang='lat' dir='ltr'>cuiusque</span> <span class='ocrx_word' id='word_1_204' title='bbox 1070 1905 1143 1926; x_wconf 91' lang='lat' dir='ltr'>cum</span> <span class='ocrx_word' id='word_1_205' title='bbox 1174 1895 1259 1933; x_wconf 88' lang='lat' dir='ltr'>(com</span> <span class='ocrx_word' id='word_1_206' title='bbox 1287 1892 1356 1935; x_wconf 93' lang='lat' dir='ltr'>W)</span> <span class='ocrx_word' id='word_1_207' title='bbox 1390 1894 1517 1936; x_wconf 86' lang='lat' dir='ltr'>patitur</span> <span class='ocrx_word' id='word_1_208' title='bbox 1541 1891 1630 1932; x_wconf 88' lang='lat' dir='ltr'>BW,</span> 
     </span>
     <span class='ocr_line' id='line_1_31' title="bbox 218 1936 1635 1983; baseline -0.002 -11"><span class='ocrx_word' id='word_1_209' title='bbox 218 1941 377 1983; x_wconf 85' lang='lat' dir='ltr'>cuiusque</span> <span class='ocrx_word' id='word_1_210' title='bbox 402 1942 550 1983; x_wconf 84' lang='lat' dir='ltr'>patiatur</span> <span class='ocrx_word' id='word_1_211' title='bbox 574 1941 652 1983; x_wconf 69' lang='lat' dir='ltr'>Dig.</span> <span class='ocrx_word' id='word_1_212' title='bbox 694 1939 705 1983; x_wconf 94' lang='grc' dir='ltr'>Η</span> <span class='ocrx_word' id='word_1_213' title='bbox 745 1941 850 1981; x_wconf 86' lang='lat' dir='ltr'>aetas]</span> <span class='ocrx_word' id='word_1_214' title='bbox 877 1945 969 1982; x_wconf 85' lang='lat' dir='ltr'>eptas</span> <span class='ocrx_word' id='word_1_215' title='bbox 990 1939 1046 1980; x_wconf 91' lang='lat' dir='ltr'>W,</span> <span class='ocrx_word' id='word_1_216' title='bbox 1078 1945 1112 1972; x_wconf 87' lang='lat' dir='ltr'>et</span> <span class='ocrx_word' id='word_1_217' title='bbox 1135 1939 1179 1972; x_wconf 88' lang='lat' dir='ltr'>V.</span> <span class='ocrx_word' id='word_1_218' title='bbox 1221 1938 1231 1981; x_wconf 94' lang='grc' dir='ltr'>Η</span> <span class='ocrx_word' id='word_1_219' title='bbox 1272 1939 1430 1980; x_wconf 82' lang='lat' dir='ltr'>religaris</span> <span class='ocrx_word' id='word_1_220' title='bbox 1450 1936 1507 1970; x_wconf 87' lang='lat' dir='ltr'>W.</span> <span class='ocrx_word' id='word_1_221' title='bbox 1549 1938 1560 1981; x_wconf 93' lang='grc' dir='ltr'>Η</span> <span class='ocrx_word' id='word_1_222' title='bbox 1601 1938 1635 1970; x_wconf 88' lang='lat' dir='ltr'>id</span> 
     </span>
     <span class='ocr_line' id='line_1_32' title="bbox 220 1983 1632 2028; baseline -0.003 -10"><span class='ocrx_word' id='word_1_223' title='bbox 220 1991 272 2018; x_wconf 86' lang='lat' dir='ltr'>est</span> <span class='ocrx_word' id='word_1_224' title='bbox 298 2010 306 2018; x_wconf 91' lang='lat'>.</span> <span class='ocrx_word' id='word_1_225' title='bbox 325 2011 332 2018; x_wconf 91' lang='lat'><em>.</em></span> <span class='ocrx_word' id='word_1_226' title='bbox 351 2011 359 2019; x_wconf 92' lang='lat'>.</span> <span class='ocrx_word' id='word_1_227' title='bbox 384 1986 545 2027; x_wconf 84' lang='lat' dir='ltr'>castigari</span> <span class='ocrx_word' id='word_1_228' title='bbox 575 1985 691 2018; x_wconf 83' lang='lat' dir='ltr'>addidi</span> <span class='ocrx_word' id='word_1_229' title='bbox 721 1997 765 2017; x_wconf 62' lang='grc' dir='ltr'>εα-</span> <span class='ocrx_word' id='word_1_230' title='bbox 787 1985 866 2028; x_wconf 72' lang='lat' dir='ltr'>mg.</span> <span class='ocrx_word' id='word_1_231' title='bbox 892 1987 1018 2017; x_wconf 77' lang='lat' dir='ltr'>omissa</span> <span class='ocrx_word' id='word_1_232' title='bbox 1048 1988 1082 2017; x_wconf 83' lang='lat' dir='ltr'>in</span> <span class='ocrx_word' id='word_1_233' title='bbox 1114 1984 1222 2017; x_wconf 81' lang='lat' dir='ltr'>libris.</span> <span class='ocrx_word' id='word_1_234' title='bbox 1263 1983 1274 2026; x_wconf 96' lang='grc' dir='ltr'>Η</span> <span class='ocrx_word' id='word_1_235' title='bbox 1316 1984 1334 2015; x_wconf 92' lang='grc'><strong>3</strong></span> <span class='ocrx_word' id='word_1_236' title='bbox 1369 1989 1402 2016; x_wconf 87' lang='lat' dir='ltr'>et</span> <span class='ocrx_word' id='word_1_237' title='bbox 1427 1984 1476 2016; x_wconf 89' lang='lat' dir='ltr'>sic</span> <span class='ocrx_word' id='word_1_238' title='bbox 1495 2008 1501 2016; x_wconf 91' lang='lat'><em>.</em></span> <span class='ocrx_word' id='word_1_239' title='bbox 1521 2008 1527 2015; x_wconf 88' lang='lat'>.</span> <span class='ocrx_word' id='word_1_240' title='bbox 1547 1984 1632 2024; x_wconf 85' lang='lat' dir='ltr'>dari]</span> 
     </span>
     <span class='ocr_line' id='line_1_33' title="bbox 219 2027 1635 2073; baseline -0.003 -10"><span class='ocrx_word' id='word_1_241' title='bbox 219 2037 253 2062; x_wconf 91' lang='lat' dir='ltr'>et</span> <span class='ocrx_word' id='word_1_242' title='bbox 282 2032 321 2063; x_wconf 89' lang='lat' dir='ltr'>ad</span> <span class='ocrx_word' id='word_1_243' title='bbox 353 2042 434 2073; x_wconf 87' lang='lat' dir='ltr'>opus</span> <span class='ocrx_word' id='word_1_244' title='bbox 466 2031 602 2063; x_wconf 90' lang='lat' dir='ltr'>biennio</span> <span class='ocrx_word' id='word_1_245' title='bbox 633 2031 706 2063; x_wconf 85' lang='lat' dir='ltr'>dari</span> <span class='ocrx_word' id='word_1_246' title='bbox 731 2031 808 2073; x_wconf 70' lang='lat' dir='ltr'>Dtg.</span> <span class='ocrx_word' id='word_1_247' title='bbox 851 2031 861 2073; x_wconf 99' lang='grc' dir='ltr'>Η</span> <span class='ocrx_word' id='word_1_248' title='bbox 901 2032 922 2062; x_wconf 89' lang='lat'>4</span> <span class='ocrx_word' id='word_1_249' title='bbox 956 2032 996 2069; x_wconf 87' lang='lat' dir='ltr'>si]</span> <span class='ocrx_word' id='word_1_250' title='bbox 1024 2031 1089 2062; x_wconf 87' lang='lat' dir='ltr'>nisi</span> <span class='ocrx_word' id='word_1_251' title='bbox 1108 2030 1151 2062; x_wconf 92' lang='lat' dir='ltr'>V.</span> <span class='ocrx_word' id='word_1_252' title='bbox 1193 2028 1203 2072; x_wconf 93' lang='grc' dir='ltr'>Η</span> <span class='ocrx_word' id='word_1_253' title='bbox 1246 2034 1304 2061; x_wconf 87' lang='lat' dir='ltr'>aut</span> <span class='ocrx_word' id='word_1_254' title='bbox 1329 2040 1393 2062; x_wconf 86' lang='lat' dir='ltr'>om.</span> <span class='ocrx_word' id='word_1_255' title='bbox 1413 2027 1471 2062; x_wconf 88' lang='lat' dir='ltr'>W.</span> <span class='ocrx_word' id='word_1_256' title='bbox 1514 2028 1524 2071; x_wconf 93' lang='grc' dir='ltr'>Η</span> <span class='ocrx_word' id='word_1_257' title='bbox 1564 2027 1635 2060; x_wconf 86' lang='lat' dir='ltr'>for-</span> 
     </span>
     <span class='ocr_line' id='line_1_34' title="bbox 215 2072 1636 2118; baseline -0.003 -9"><span class='ocrx_word' id='word_1_258' title='bbox 215 2077 307 2109; x_wconf 84' lang='lat' dir='ltr'>tuitu</span> <span class='ocrx_word' id='word_1_259' title='bbox 325 2075 413 2108; x_wconf 90' lang='lat' dir='ltr'>BW.</span> <span class='ocrx_word' id='word_1_260' title='bbox 433 2075 443 2118; x_wconf 93' lang='grc' dir='ltr'>Η</span> <span class='ocrx_word' id='word_1_261' title='bbox 464 2078 482 2108; x_wconf 83' lang='lat'>5</span> <span class='ocrx_word' id='word_1_262' title='bbox 500 2088 579 2108; x_wconf 88' lang='lat' dir='ltr'>usus</span> <span class='ocrx_word' id='word_1_263' title='bbox 597 2077 782 2115; x_wconf 77' lang='lat' dir='ltr'>(Pithoeus,</span> <span class='ocrx_word' id='word_1_264' title='bbox 799 2076 891 2108; x_wconf 88' lang='lat' dir='ltr'>uisus</span> <span class='ocrx_word' id='word_1_265' title='bbox 910 2074 997 2117; x_wconf 87' lang='lat' dir='ltr'>BW,</span> <span class='ocrx_word' id='word_1_266' title='bbox 1021 2076 1073 2108; x_wconf 88' lang='lat' dir='ltr'>uis</span> <span class='ocrx_word' id='word_1_267' title='bbox 1093 2076 1146 2116; x_wconf 90' lang='lat' dir='ltr'>V)</span> <span class='ocrx_word' id='word_1_268' title='bbox 1165 2085 1264 2106; x_wconf 81' lang='lat' dir='ltr'>causa</span> <span class='ocrx_word' id='word_1_269' title='bbox 1283 2085 1345 2106; x_wconf 87' lang='lat' dir='ltr'>om.</span> <span class='ocrx_word' id='word_1_270' title='bbox 1361 2074 1439 2116; x_wconf 76' lang='lat' dir='ltr'>Dig.</span> <span class='ocrx_word' id='word_1_271' title='bbox 1459 2072 1468 2116; x_wconf 92' lang='grc' dir='ltr'>Η</span> <span class='ocrx_word' id='word_1_272' title='bbox 1488 2072 1636 2106; x_wconf 85' lang='lat' dir='ltr'>sufficiet</span> 
     </span>
     <span class='ocr_line' id='line_1_35' title="bbox 217 2117 1633 2164; baseline -0.002 -11"><span class='ocrx_word' id='word_1_273' title='bbox 217 2121 293 2164; x_wconf 74' lang='lat' dir='ltr'>Dz‘g.</span> <span class='ocrx_word' id='word_1_274' title='bbox 337 2121 347 2164; x_wconf 95' lang='grc' dir='ltr'>Η</span> <span class='ocrx_word' id='word_1_275' title='bbox 388 2122 607 2154; x_wconf 84' lang='lat' dir='ltr'>cohercerent</span> <span class='ocrx_word' id='word_1_276' title='bbox 626 2120 683 2161; x_wconf 87' lang='lat' dir='ltr'>W,</span> <span class='ocrx_word' id='word_1_277' title='bbox 710 2122 864 2153; x_wconf 85' lang='lat' dir='ltr'>decidere</span> <span class='ocrx_word' id='word_1_278' title='bbox 889 2121 968 2163; x_wconf 67' lang='lat' dir='ltr'>Dtg.</span> <span class='ocrx_word' id='word_1_279' title='bbox 1010 2119 1020 2163; x_wconf 93' lang='grc' dir='ltr'>Η</span> <span class='ocrx_word' id='word_1_280' title='bbox 1062 2121 1081 2153; x_wconf 86' lang='grc'><strong>9</strong></span> <span class='ocrx_word' id='word_1_281' title='bbox 1108 2130 1269 2163; x_wconf 83' lang='lat' dir='ltr'>quemqua</span> <span class='ocrx_word' id='word_1_282' title='bbox 1293 2120 1503 2152; x_wconf 78' lang='lat' dir='ltr'>israhelitam</span> <span class='ocrx_word' id='word_1_283' title='bbox 1523 2117 1579 2150; x_wconf 93' lang='lat' dir='ltr'>W.</span> <span class='ocrx_word' id='word_1_284' title='bbox 1622 2118 1633 2161; x_wconf 97' lang='grc' dir='ltr'>Η</span> 
     </span>
     <span class='ocr_line' id='line_1_36' title="bbox 221 2164 1634 2210; baseline -0.003 -11"><span class='ocrx_word' id='word_1_285' title='bbox 221 2167 261 2199; x_wconf 87' lang='grc'>10</span> <span class='ocrx_word' id='word_1_286' title='bbox 286 2171 427 2198; x_wconf 88' lang='lat' dir='ltr'>mortem</span> <span class='ocrx_word' id='word_1_287' title='bbox 447 2165 503 2199; x_wconf 89' lang='lat' dir='ltr'>W.</span> <span class='ocrx_word' id='word_1_288' title='bbox 536 2166 546 2210; x_wconf 94' lang='grc' dir='ltr'>Η</span> <span class='ocrx_word' id='word_1_289' title='bbox 575 2167 741 2198; x_wconf 83' lang='lat' dir='ltr'>morietur</span> <span class='ocrx_word' id='word_1_290' title='bbox 760 2164 818 2198; x_wconf 90' lang='lat' dir='ltr'>W.</span> <span class='ocrx_word' id='word_1_291' title='bbox 850 2165 860 2209; x_wconf 89' lang='grc' dir='ltr'>Η</span> <span class='ocrx_word' id='word_1_292' title='bbox 887 2169 963 2210; x_wconf 82' lang='lat' dir='ltr'>post</span> <span class='ocrx_word' id='word_1_293' title='bbox 985 2167 1150 2198; x_wconf 86' lang='lat' dir='ltr'>moriatur</span> <span class='ocrx_word' id='word_1_294' title='bbox 1166 2167 1229 2197; x_wconf 76' lang='lat' dir='ltr'>ins.</span> <span class='ocrx_word' id='word_1_295' title='bbox 1249 2164 1488 2207; x_wconf 87' lang='lat' dir='ltr'>interpretatio</span> <span class='ocrx_word' id='word_1_296' title='bbox 1506 2164 1634 2206; x_wconf 83' lang='lat' dir='ltr'>plagia-</span> 
     </span>
     <span class='ocr_line' id='line_1_37' title="bbox 219 2209 1632 2254; baseline -0.001 -12"><span class='ocrx_word' id='word_1_297' title='bbox 219 2222 277 2243; x_wconf 84' lang='lat' dir='ltr'>rus</span> <span class='ocrx_word' id='word_1_298' title='bbox 303 2212 379 2252; x_wconf 77' lang='lat' dir='ltr'>(sic)</span> <span class='ocrx_word' id='word_1_299' title='bbox 406 2216 456 2243; x_wconf 86' lang='lat' dir='ltr'>est</span> <span class='ocrx_word' id='word_1_300' title='bbox 481 2213 536 2253; x_wconf 87' lang='lat' dir='ltr'>qui</span> <span class='ocrx_word' id='word_1_301' title='bbox 560 2212 722 2243; x_wconf 87' lang='lat' dir='ltr'>hominem</span> <span class='ocrx_word' id='word_1_302' title='bbox 747 2212 888 2243; x_wconf 88' lang='lat' dir='ltr'>liberum</span> <span class='ocrx_word' id='word_1_303' title='bbox 915 2213 1005 2254; x_wconf 87' lang='lat' dir='ltr'>rapit</span> <span class='ocrx_word' id='word_1_304' title='bbox 1029 2217 1062 2243; x_wconf 82' lang='lat' dir='ltr'>et</span> <span class='ocrx_word' id='word_1_305' title='bbox 1086 2212 1203 2243; x_wconf 89' lang='lat' dir='ltr'>uendit</span> <span class='ocrx_word' id='word_1_306' title='bbox 1222 2210 1263 2243; x_wconf 91' lang='lat' dir='ltr'>V.</span> <span class='ocrx_word' id='word_1_307' title='bbox 1295 2209 1305 2252; x_wconf 95' lang='grc' dir='ltr'>Η</span> <span class='ocrx_word' id='word_1_308' title='bbox 1339 2212 1374 2243; x_wconf 96' lang='grc'>11</span> <span class='ocrx_word' id='word_1_309' title='bbox 1403 2210 1489 2242; x_wconf 82' lang='lat' dir='ltr'>idem</span> <span class='ocrx_word' id='word_1_310' title='bbox 1514 2209 1632 2251; x_wconf 90' lang='lat' dir='ltr'>paulus</span> 
     </span>
     <span class='ocr_line' id='line_1_38' title="bbox 221 2252 1631 2300; baseline -0.004 -10"><span class='ocrx_word' id='word_1_311' title='bbox 221 2255 278 2290; x_wconf 91' lang='lat' dir='ltr'>W.</span> <span class='ocrx_word' id='word_1_312' title='bbox 321 2256 331 2299; x_wconf 96' lang='grc' dir='ltr'>Η</span> <span class='ocrx_word' id='word_1_313' title='bbox 371 2257 458 2288; x_wconf 88' lang='lat' dir='ltr'>liber</span> <span class='ocrx_word' id='word_1_314' title='bbox 486 2256 523 2288; x_wconf 90' lang='lat' dir='ltr'>B.</span> <span class='ocrx_word' id='word_1_315' title='bbox 567 2257 578 2300; x_wconf 94' lang='grc' dir='ltr'>Η</span> <span class='ocrx_word' id='word_1_316' title='bbox 618 2257 711 2289; x_wconf 87' lang='lat' dir='ltr'>tituli</span> <span class='ocrx_word' id='word_1_317' title='bbox 739 2255 795 2289; x_wconf 91' lang='lat' dir='ltr'>W.</span> <span class='ocrx_word' id='word_1_318' title='bbox 837 2255 846 2298; x_wconf 94' lang='grc' dir='ltr'>Η</span> <span class='ocrx_word' id='word_1_319' title='bbox 890 2256 1013 2289; x_wconf 85' lang='lat' dir='ltr'>fabiani</span> <span class='ocrx_word' id='word_1_320' title='bbox 1032 2256 1070 2288; x_wconf 91' lang='lat' dir='ltr'>B.</span> <span class='ocrx_word' id='word_1_321' title='bbox 1113 2256 1123 2299; x_wconf 93' lang='grc' dir='ltr'>Η</span> <span class='ocrx_word' id='word_1_322' title='bbox 1166 2256 1205 2289; x_wconf 97' lang='grc'><strong>12</strong></span> <span class='ocrx_word' id='word_1_323' title='bbox 1231 2256 1306 2296; x_wconf 83' lang='lat' dir='ltr'>lege</span> <span class='ocrx_word' id='word_1_324' title='bbox 1332 2255 1422 2287; x_wconf 83' lang='lat' dir='ltr'>fabia</span> <span class='ocrx_word' id='word_1_325' title='bbox 1452 2264 1515 2286; x_wconf 87' lang='lat' dir='ltr'>om.</span> <span class='ocrx_word' id='word_1_326' title='bbox 1536 2252 1631 2286; x_wconf 90' lang='lat' dir='ltr'>VW.</span> 
     </span>
     <span class='ocr_line' id='line_1_39' title="bbox 223 2300 1633 2344; baseline -0.003 -10"><span class='ocrx_word' id='word_1_327' title='bbox 223 2300 234 2344; x_wconf 91' lang='grc' dir='ltr'>Η</span> <span class='ocrx_word' id='word_1_328' title='bbox 276 2304 458 2341; x_wconf 87' lang='lat' dir='ltr'>romanum]</span> <span class='ocrx_word' id='word_1_329' title='bbox 482 2302 514 2333; x_wconf 88' lang='lat' dir='ltr'>id</span> <span class='ocrx_word' id='word_1_330' title='bbox 540 2312 669 2334; x_wconf 88' lang='lat' dir='ltr'>manum</span> <span class='ocrx_word' id='word_1_331' title='bbox 685 2301 758 2334; x_wconf 93' lang='lat' dir='ltr'>BV.</span> <span class='ocrx_word' id='word_1_332' title='bbox 789 2300 799 2343; x_wconf 93' lang='grc' dir='ltr'>Η</span> <span class='ocrx_word' id='word_1_333' title='bbox 830 2303 994 2342; x_wconf 82' lang='lat' dir='ltr'>ingenuus</span> <span class='ocrx_word' id='word_1_334' title='bbox 1012 2301 1084 2335; x_wconf 89' lang='lat' dir='ltr'>BV.</span> <span class='ocrx_word' id='word_1_335' title='bbox 1115 2300 1125 2343; x_wconf 92' lang='grc' dir='ltr'>Η</span> <span class='ocrx_word' id='word_1_336' title='bbox 1158 2301 1197 2332; x_wconf 87' lang='grc'>13</span> <span class='ocrx_word' id='word_1_337' title='bbox 1223 2300 1471 2340; x_wconf 88' lang='lat' dir='ltr'>libertinumue]</span> <span class='ocrx_word' id='word_1_338' title='bbox 1499 2300 1633 2342; x_wconf 74' lang='lat' dir='ltr'>scripsi,</span> 
     </span>
     <span class='ocr_line' id='line_1_40' title="bbox 219 2344 1633 2390; baseline -0.002 -11"><span class='ocrx_word' id='word_1_339' title='bbox 219 2347 414 2379; x_wconf 84' lang='lat' dir='ltr'>libertinum</span> <span class='ocrx_word' id='word_1_340' title='bbox 447 2347 535 2379; x_wconf 82' lang='lat' dir='ltr'>libri.</span> <span class='ocrx_word' id='word_1_341' title='bbox 578 2347 588 2390; x_wconf 96' lang='grc' dir='ltr'>Η</span> <span class='ocrx_word' id='word_1_342' title='bbox 631 2357 763 2379; x_wconf 84' lang='lat' dir='ltr'>seruum</span> <span class='ocrx_word' id='word_1_343' title='bbox 788 2348 843 2379; x_wconf 91' lang='lat' dir='ltr'>uel</span> <span class='ocrx_word' id='word_1_344' title='bbox 868 2346 959 2380; x_wconf 88' lang='lat' dir='ltr'>VW.</span> <span class='ocrx_word' id='word_1_345' title='bbox 1002 2346 1011 2389; x_wconf 88' lang='grc' dir='ltr'>Η</span> <span class='ocrx_word' id='word_1_346' title='bbox 1053 2348 1155 2379; x_wconf 89' lang='lat' dir='ltr'>alium</span> <span class='ocrx_word' id='word_1_347' title='bbox 1178 2345 1220 2378; x_wconf 91' lang='lat' dir='ltr'>V.</span> <span class='ocrx_word' id='word_1_348' title='bbox 1261 2344 1271 2388; x_wconf 95' lang='grc' dir='ltr'>Η</span> <span class='ocrx_word' id='word_1_349' title='bbox 1315 2345 1355 2377; x_wconf 90' lang='grc'>14</span> <span class='ocrx_word' id='word_1_350' title='bbox 1381 2345 1633 2387; x_wconf 87' lang='lat' dir='ltr'>comparatierit</span> 
     </span>
     <span class='ocr_line' id='line_1_41' title="bbox 222 2389 1633 2435; baseline -0.003 -10"><span class='ocrx_word' id='word_1_351' title='bbox 222 2391 278 2425; x_wconf 89' lang='lat' dir='ltr'>W.</span> <span class='ocrx_word' id='word_1_352' title='bbox 312 2391 322 2435; x_wconf 94' lang='grc' dir='ltr'>Η</span> <span class='ocrx_word' id='word_1_353' title='bbox 352 2403 466 2435; x_wconf 84' lang='lat' dir='ltr'>penam</span> <span class='ocrx_word' id='word_1_354' title='bbox 486 2390 578 2425; x_wconf 89' lang='lat' dir='ltr'>VW.</span> <span class='ocrx_word' id='word_1_355' title='bbox 609 2391 620 2435; x_wconf 93' lang='grc' dir='ltr'>Η</span> <span class='ocrx_word' id='word_1_356' title='bbox 652 2393 845 2432; x_wconf 82' lang='lat' dir='ltr'>nummaria]</span> <span class='ocrx_word' id='word_1_357' title='bbox 868 2392 1033 2430; x_wconf 76' lang='lat' dir='ltr'>Cuz&#39;acius,</span> <span class='ocrx_word' id='word_1_358' title='bbox 1060 2391 1237 2424; x_wconf 84' lang='lat' dir='ltr'>summaria</span> <span class='ocrx_word' id='word_1_359' title='bbox 1256 2390 1342 2423; x_wconf 80' lang='lat' dir='ltr'>libri.</span> <span class='ocrx_word' id='word_1_360' title='bbox 1375 2389 1385 2432; x_wconf 95' lang='grc' dir='ltr'>Η</span> <span class='ocrx_word' id='word_1_361' title='bbox 1418 2391 1457 2422; x_wconf 74' lang='lat'>15</span> <span class='ocrx_word' id='word_1_362' title='bbox 1482 2390 1633 2422; x_wconf 84' lang='lat' dir='ltr'>traulata</span> 
     </span>
     <span class='ocr_line' id='line_1_42' title="bbox 220 2434 1632 2481; baseline -0.001 -13"><span class='ocrx_word' id='word_1_363' title='bbox 220 2437 259 2469; x_wconf 91' lang='lat' dir='ltr'>B.</span> <span class='ocrx_word' id='word_1_364' title='bbox 292 2437 302 2481; x_wconf 96' lang='grc' dir='ltr'>Η</span> <span class='ocrx_word' id='word_1_365' title='bbox 331 2436 529 2481; x_wconf 82' lang='lat' dir='ltr'>pr(a)efect0</span> <span class='ocrx_word' id='word_1_366' title='bbox 546 2438 632 2470; x_wconf 84' lang='lat' dir='ltr'>libri.</span> <span class='ocrx_word' id='word_1_367' title='bbox 663 2436 673 2479; x_wconf 93' lang='grc' dir='ltr'>Η</span> <span class='ocrx_word' id='word_1_368' title='bbox 703 2438 853 2479; x_wconf 89' lang='lat' dir='ltr'>idemque</span> <span class='ocrx_word' id='word_1_369' title='bbox 871 2437 900 2468; x_wconf 93' lang='lat' dir='ltr'><em>B</em></span> <span class='ocrx_word' id='word_1_370' title='bbox 916 2438 1019 2478; x_wconf 70' lang='lat' dir='ltr'>(znd.,·</span> <span class='ocrx_word' id='word_1_371' title='bbox 1043 2438 1118 2469; x_wconf 72' lang='lat' dir='ltr'>hinc</span> <span class='ocrx_word' id='word_1_372' title='bbox 1135 2439 1223 2469; x_wconf 81' lang='lat' dir='ltr'>enim</span> <span class='ocrx_word' id='word_1_373' title='bbox 1240 2438 1336 2478; x_wconf 78' lang='lat' dir='ltr'>eaput</span> <span class='ocrx_word' id='word_1_374' title='bbox 1353 2437 1513 2478; x_wconf 79' lang='lat' dir='ltr'>incipiuni</span> <span class='ocrx_word' id='word_1_375' title='bbox 1530 2434 1632 2474; x_wconf 84' lang='lat' dir='ltr'>libri).</span> 
     </span>
     <span class='ocr_line' id='line_1_43' title="bbox 223 2478 1634 2526; baseline -0.004 -10"><span class='ocrx_word' id='word_1_376' title='bbox 223 2481 233 2523; x_wconf 89' lang='grc' dir='ltr'>Η</span> <span class='ocrx_word' id='word_1_377' title='bbox 271 2485 311 2516; x_wconf 80' lang='grc'>16</span> <span class='ocrx_word' id='word_1_378' title='bbox 336 2484 451 2516; x_wconf 88' lang='lat' dir='ltr'>ordine</span> <span class='ocrx_word' id='word_1_379' title='bbox 472 2482 513 2515; x_wconf 94' lang='lat' dir='ltr'>V.</span> <span class='ocrx_word' id='word_1_380' title='bbox 554 2481 564 2526; x_wconf 96' lang='grc' dir='ltr'>Η</span> <span class='ocrx_word' id='word_1_381' title='bbox 597 2483 889 2514; x_wconf 86' lang='lat' dir='ltr'>animaduersione</span> <span class='ocrx_word' id='word_1_382' title='bbox 908 2483 952 2524; x_wconf 92' lang='lat' dir='ltr'>V,</span> <span class='ocrx_word' id='word_1_383' title='bbox 977 2483 1298 2516; x_wconf 74' lang='lat' dir='ltr'>animaduersionem</span> <span class='ocrx_word' id='word_1_384' title='bbox 1317 2479 1354 2512; x_wconf 91' lang='lat' dir='ltr'>B.</span> <span class='ocrx_word' id='word_1_385' title='bbox 1390 2478 1400 2521; x_wconf 91' lang='grc' dir='ltr'>Η</span> <span class='ocrx_word' id='word_1_386' title='bbox 1439 2481 1476 2511; x_wconf 78' lang='grc'>17</span> <span class='ocrx_word' id='word_1_387' title='bbox 1501 2482 1571 2519; x_wconf 86' lang='lat' dir='ltr'>aut]</span> <span class='ocrx_word' id='word_1_388' title='bbox 1596 2484 1634 2511; x_wconf 84' lang='lat' dir='ltr'>ut</span> 
     </span>
     <span class='ocr_line' id='line_1_44' title="bbox 222 2524 1633 2572; baseline -0.001 -14"><span class='ocrx_word' id='word_1_389' title='bbox 222 2527 260 2559; x_wconf 93' lang='lat' dir='ltr'>B.</span> <span class='ocrx_word' id='word_1_390' title='bbox 296 2528 306 2572; x_wconf 96' lang='grc' dir='ltr'>Η</span> <span class='ocrx_word' id='word_1_391' title='bbox 339 2529 474 2560; x_wconf 84' lang='lat' dir='ltr'>metallo</span> <span class='ocrx_word' id='word_1_392' title='bbox 495 2526 551 2560; x_wconf 91' lang='lat' dir='ltr'>W.</span> <span class='ocrx_word' id='word_1_393' title='bbox 593 2526 603 2570; x_wconf 93' lang='grc' dir='ltr'>Η</span> <span class='ocrx_word' id='word_1_394' title='bbox 646 2529 842 2560; x_wconf 85' lang='lat' dir='ltr'>damnentur</span> <span class='ocrx_word' id='word_1_395' title='bbox 860 2528 897 2560; x_wconf 89' lang='lat' dir='ltr'>B.</span> <span class='ocrx_word' id='word_1_396' title='bbox 932 2527 942 2570; x_wconf 92' lang='grc' dir='ltr'>Η</span> <span class='ocrx_word' id='word_1_397' title='bbox 977 2526 1137 2560; x_wconf 85' lang='lat' dir='ltr'>cruceV.</span> <span class='ocrx_word' id='word_1_398' title='bbox 1180 2526 1190 2568; x_wconf 96' lang='grc' dir='ltr'>Η</span> <span class='ocrx_word' id='word_1_399' title='bbox 1230 2527 1269 2558; x_wconf 88' lang='grc'><strong>18</strong></span> <span class='ocrx_word' id='word_1_400' title='bbox 1294 2526 1520 2558; x_wconf 83' lang='lat' dir='ltr'>honestiorem</span> <span class='ocrx_word' id='word_1_401' title='bbox 1540 2525 1578 2557; x_wconf 90' lang='lat' dir='ltr'>B.</span> <span class='ocrx_word' id='word_1_402' title='bbox 1621 2524 1633 2567; x_wconf 96' lang='grc' dir='ltr'>Η</span> 
     </span>
     <span class='ocr_line' id='line_1_45' title="bbox 222 2570 1630 2617; baseline -0.002 -13"><span class='ocrx_word' id='word_1_403' title='bbox 222 2573 386 2606; x_wconf 82' lang='lat' dir='ltr'>ademtum</span> <span class='ocrx_word' id='word_1_404' title='bbox 406 2574 446 2615; x_wconf 88' lang='lat' dir='ltr'>V,</span> <span class='ocrx_word' id='word_1_405' title='bbox 474 2574 585 2616; x_wconf 88' lang='lat' dir='ltr'>adepti</span> <span class='ocrx_word' id='word_1_406' title='bbox 604 2571 660 2606; x_wconf 90' lang='lat' dir='ltr'>W.</span> <span class='ocrx_word' id='word_1_407' title='bbox 697 2573 707 2617; x_wconf 99' lang='grc' dir='ltr'>Η</span> <span class='ocrx_word' id='word_1_408' title='bbox 738 2574 907 2605; x_wconf 89' lang='lat' dir='ltr'>dimidiam</span> <span class='ocrx_word' id='word_1_409' title='bbox 932 2578 1060 2616; x_wconf 86' lang='lat' dir='ltr'>partem</span> <span class='ocrx_word' id='word_1_410' title='bbox 1085 2573 1171 2605; x_wconf 85' lang='lat' dir='ltr'>libri.</span> <span class='ocrx_word' id='word_1_411' title='bbox 1203 2570 1213 2613; x_wconf 93' lang='grc' dir='ltr'>Η</span> <span class='ocrx_word' id='word_1_412' title='bbox 1244 2571 1275 2602; x_wconf 91' lang='lat' dir='ltr'>in</span> <span class='ocrx_word' id='word_1_413' title='bbox 1302 2571 1506 2613; x_wconf 86' lang='lat' dir='ltr'>perpetuum]</span> <span class='ocrx_word' id='word_1_414' title='bbox 1533 2572 1630 2613; x_wconf 66' lang='grc' dir='ltr'>ἰωῇ).</span> 
     </span>
     <span class='ocr_line' id='line_1_46' title="bbox 222 2615 1634 2660; baseline -0.001 -11"><span class='ocrx_word' id='word_1_415' title='bbox 222 2617 262 2649; x_wconf 84' lang='grc' dir='ltr'>Β.</span> <span class='ocrx_word' id='word_1_416' title='bbox 292 2617 302 2660; x_wconf 93' lang='grc' dir='ltr'>Η</span> <span class='ocrx_word' id='word_1_417' title='bbox 337 2620 375 2651; x_wconf 85' lang='grc'>19</span> <span class='ocrx_word' id='word_1_418' title='bbox 394 2619 590 2660; x_wconf 84' lang='lat' dir='ltr'>redigantur</span> <span class='ocrx_word' id='word_1_419' title='bbox 609 2616 684 2659; x_wconf 75' lang='lat' dir='ltr'>Wb‚</span> <span class='ocrx_word' id='word_1_420' title='bbox 702 2619 916 2658; x_wconf 84' lang='lat' dir='ltr'>redigantant</span> <span class='ocrx_word' id='word_1_421' title='bbox 931 2617 1006 2651; x_wconf 85' lang='lat' dir='ltr'>Wa.</span> <span class='ocrx_word' id='word_1_422' title='bbox 1040 2618 1050 2660; x_wconf 96' lang='grc' dir='ltr'>Η</span> <span class='ocrx_word' id='word_1_423' title='bbox 1081 2618 1245 2650; x_wconf 88' lang='lat' dir='ltr'>domiuum</span> <span class='ocrx_word' id='word_1_424' title='bbox 1263 2615 1415 2656; x_wconf 81' lang='lat' dir='ltr'>B(z&#39;nd.).</span> <span class='ocrx_word' id='word_1_425' title='bbox 1447 2616 1457 2659; x_wconf 95' lang='grc' dir='ltr'>Η</span> <span class='ocrx_word' id='word_1_426' title='bbox 1486 2616 1634 2648; x_wconf 86' lang='lat' dir='ltr'>alienum</span> 
     </span>
     <span class='ocr_line' id='line_1_47' title="bbox 224 2660 1631 2706; baseline -0.001 -12"><span class='ocrx_word' id='word_1_427' title='bbox 224 2673 286 2694; x_wconf 89' lang='lat' dir='ltr'>om.</span> <span class='ocrx_word' id='word_1_428' title='bbox 314 2664 341 2695; x_wconf 87' lang='grc' dir='ltr'><em>Β</em></span> <span class='ocrx_word' id='word_1_429' title='bbox 364 2663 474 2704; x_wconf 63' lang='lat' dir='ltr'>(incl).</span> <span class='ocrx_word' id='word_1_430' title='bbox 516 2662 527 2706; x_wconf 95' lang='grc' dir='ltr'>Η</span> <span class='ocrx_word' id='word_1_431' title='bbox 569 2666 714 2703; x_wconf 88' lang='lat' dir='ltr'>seruum]</span> <span class='ocrx_word' id='word_1_432' title='bbox 741 2674 858 2696; x_wconf 88' lang='lat' dir='ltr'>seruus</span> <span class='ocrx_word' id='word_1_433' title='bbox 883 2664 912 2696; x_wconf 88' lang='lat' dir='ltr'><em>B</em></span> <span class='ocrx_word' id='word_1_434' title='bbox 936 2663 1044 2704; x_wconf 57' lang='lat' dir='ltr'>(ind).</span> <span class='ocrx_word' id='word_1_435' title='bbox 1086 2663 1097 2706; x_wconf 96' lang='grc' dir='ltr'>Η</span> <span class='ocrx_word' id='word_1_436' title='bbox 1138 2663 1179 2694; x_wconf 86' lang='grc'>20</span> <span class='ocrx_word' id='word_1_437' title='bbox 1205 2662 1429 2694; x_wconf 83' lang='lat' dir='ltr'>substraxerit</span> <span class='ocrx_word' id='word_1_438' title='bbox 1447 2660 1504 2694; x_wconf 90' lang='lat' dir='ltr'>W.</span> <span class='ocrx_word' id='word_1_439' title='bbox 1541 2662 1552 2704; x_wconf 95' lang='grc' dir='ltr'>Η</span> <span class='ocrx_word' id='word_1_440' title='bbox 1585 2661 1631 2700; x_wconf 91' lang='lat' dir='ltr'>in]</span> 
     </span>
     <span class='ocr_line' id='line_1_48' title="bbox 224 2705 1453 2752; baseline -0.001 -13"><span class='ocrx_word' id='word_1_441' title='bbox 224 2718 264 2739; x_wconf 82' lang='lat' dir='ltr'>au</span> <span class='ocrx_word' id='word_1_442' title='bbox 289 2707 327 2740; x_wconf 90' lang='lat' dir='ltr'>B.</span> <span class='ocrx_word' id='word_1_443' title='bbox 369 2708 379 2751; x_wconf 97' lang='grc' dir='ltr'>Η</span> <span class='ocrx_word' id='word_1_444' title='bbox 420 2710 462 2742; x_wconf 88' lang='grc'><strong>21</strong></span> <span class='ocrx_word' id='word_1_445' title='bbox 489 2709 632 2748; x_wconf 85' lang='lat' dir='ltr'>domino]</span> <span class='ocrx_word' id='word_1_446' title='bbox 659 2709 823 2742; x_wconf 89' lang='lat' dir='ltr'>dominum</span> <span class='ocrx_word' id='word_1_447' title='bbox 842 2709 883 2742; x_wconf 92' lang='lat' dir='ltr'>V.</span> <span class='ocrx_word' id='word_1_448' title='bbox 925 2708 935 2752; x_wconf 92' lang='grc' dir='ltr'>Η</span> <span class='ocrx_word' id='word_1_449' title='bbox 977 2709 1019 2740; x_wconf 89' lang='grc'>22</span> <span class='ocrx_word' id='word_1_450' title='bbox 1045 2709 1154 2747; x_wconf 86' lang='lat' dir='ltr'>datur]</span> <span class='ocrx_word' id='word_1_451' title='bbox 1181 2708 1377 2749; x_wconf 86' lang='lat' dir='ltr'>dampnatur</span> <span class='ocrx_word' id='word_1_452' title='bbox 1396 2705 1453 2739; x_wconf 89' lang='lat' dir='ltr'>W.</span> 
     </span>
    </p>
   </div>
   <div class='ocr_carea' id='block_1_10' title="bbox 1798 0 1828 3011">
    <p class='ocr_par' dir='ltr' id='par_1_13' title="bbox 1798 0 1828 3011">
     <span class='ocr_line' id='line_1_49' title="bbox 1798 0 1828 3011; baseline 0 0"><span class='ocrx_word' id='word_1_453' title='bbox 1798 0 1828 3011; x_wconf 95' lang='lat' dir='ltr'> </span> 
     </span>
    </p>
   </div>
  </div>
 </body>
</html>
