1828 3011
721 150 1167 190 ——124—

350 267 459 306 Notis
490 267 598 314 iuris,
631 267 776 306 scilicet
805 267 851 306 iis
883 267 1024 318 quibus
1056 268 1116 305 usi
1148 273 1239 305 sunt
1269 266 1414 305 librarii
1445 267 1511 305 Gai
1533 266 1655 304 Vero-

236 324 368 364 nensis
391 331 428 363 et
449 326 755 374 fragmentorum
774 323 1046 362 vaticanorum
1070 329 1108 361 et
1128 336 1148 361 a
1169 323 1310 374 quibus
1327 322 1656 362 constitutionarii

236 382 277 421 in
314 381 517 420 scribendo
555 380 684 419 codice
716 380 984 419 Theodosiano
1023 380 1130 418 iussu
1171 386 1327 418 senatus
1366 379 1654 423 abstinuerunt,

235 439 302 490 qui
357 438 511 488 scripsit
567 438 670 475 hunc
722 436 1047 475 commentarium
1099 448 1178 474 non
1235 435 1354 486 magis
1406 436 1530 474 uoluit
1575 435 1654 481 uti3

235 495 343 534 nullo
400 494 503 532 enim
561 494 644 532 loco
705 500 853 531 certum
906 492 1113 542 uestigium
1166 504 1301 530 eorum
1352 492 1513 543 reperiri
1563 504 1655 531 uere

236 552 349 603 periti
384 562 462 588 non
493 550 700 600 negabunt.
747 561 871 599 neque
895 549 950 587 uti
973 554 1075 587 recte
1097 549 1143 587 iis
1165 548 1293 599 potuit
1312 548 1351 586 in
1375 548 1654 587 commentario

236 621 315 647 non
353 607 495 645 forensi
537 607 625 644 usui
657 605 861 649 destinato,
900 605 964 643 sed
998 618 1095 656 quae
1126 605 1227 656 apud
1258 604 1354 643 iuris
1385 612 1562 643 auctores
1592 604 1656 643 in-

236 665 357 709 uenit,
382 665 419 701 in
443 674 690 701 communem
717 663 879 700 formam
904 662 1102 700 transtulit
1120 661 1223 699 notis
1245 660 1340 699 iuris
1361 661 1482 712 perite
1504 661 1654 700 solutis.

235 733 326 760 sane
348 732 425 758 non
457 719 637 770 peruenit
666 718 703 756 id
733 720 777 756 ad
802 725 913 756 notas
935 731 1010 763 eaS,
1044 731 1141 769 quae
1163 718 1360 756 communi
1386 730 1457 756 usu
1479 718 1657 756 obtinent

235 784 274 816 et
310 777 452 815 adsunt
483 775 660 813 similiter
690 775 728 813 in
760 775 869 813 libris
901 775 1042 813 codicis
1075 774 1331 813 Theodosiani
1363 780 1400 812 et
1431 774 1539 820 alibi3
1578 786 1656 824 quo

236 834 433 885 pertinent
455 832 527 870 loci
560 832 636 870 duo
667 831 758 876 140,
785 832 847 871 11,
882 831 946 869 ubi
968 831 1182 882 eaeemplum
1211 843 1411 870 sacrarum
1443 830 1658 869 litterarum

235 891 276 928 in
308 889 415 927 libris
443 889 587 927 nostris
620 895 812 926 mutatum
846 894 905 926 est
931 888 967 926 in
990 889 1088 939 quod
1108 891 1142 927 si
1161 894 1295 926 natum
1318 887 1455 938 opinor
1476 899 1522 925 ex
1543 898 1604 926 em.
1626 899 1656 925 s.

236 947 276 992 l.,
309 952 347 984 et
371 946 462 990 141,
484 946 547 990 14,
580 945 645 983 ubi
669 957 756 983 cum
781 945 867 982 libri
890 944 1057 983 habeant
1077 945 1140 983 uel
1160 956 1220 983 res
1249 944 1368 983 uerba
1398 946 1584 994 rescripti,
1615 942 1655 980 in

235 1003 442 1053 archetypo
474 1002 630 1040 uidetur
660 1002 779 1039 fuisse
810 1014 847 1039 u.
870 1013 917 1047 r.,
950 1001 1140 1051 adscripta
1168 1001 1305 1039 deinde
1332 999 1655 1051 interpretatione

236 1059 378 1111 duplici
412 1059 529 1096 altera
561 1070 665 1104 uera,
698 1058 814 1096 altera
847 1058 953 1095 falsa.

351 1114 674 1165 Orthographiam
699 1114 867 1152 formaui
896 1114 941 1151 ad
973 1113 1075 1163 leges
1107 1113 1249 1151 saeculi
1270 1112 1364 1159 eius,
1403 1125 1480 1162 quo
1502 1112 1658 1163 scripsit

235 1179 381 1217 auctor,
405 1171 574 1222 expulsis
597 1170 835 1209 soloecismis
858 1170 924 1220 qui
946 1169 1064 1207 libros
1089 1182 1187 1219 quos
1211 1169 1399 1207 habemus
1417 1174 1659 1220 occuparunt

236 1236 275 1268 et
319 1228 402 1266 sine
448 1228 564 1265 dubio
603 1227 717 1265 simili
757 1228 907 1265 ratione
945 1226 1155 1264 adfuerunt
1199 1226 1238 1264 in
1277 1225 1480 1264 communi
1520 1237 1658 1264 eorum

235 1286 443 1335 archetypo
497 1291 633 1322 octauo
681 1283 832 1322 saeculo
874 1283 939 1321 uix
978 1283 1204 1321 uetustiore.
1264 1282 1302 1320 in
1342 1288 1569 1333 apparatum
1612 1294 1658 1320 ex

236 1341 546 1392 orthographicis
578 1353 620 1378 ea
652 1340 790 1378 admisi
823 1339 966 1390 quibus
997 1339 1036 1376 in
1068 1339 1158 1377 crisi
1189 1351 1266 1377 non
1290 1346 1392 1376 recte
1414 1350 1657 1384 careremus3

235 1400 382 1449 reliqua
417 1398 555 1435 menda
588 1397 628 1434 in
660 1402 846 1448 apparatu
877 1395 1150 1446 praetermissa
1183 1395 1308 1446 qualia
1341 1394 1431 1440 sint,
1473 1394 1658 1433 indicabit

235 1462 468 1504 conspectus
500 1465 614 1504 quem
649 1453 795 1491 subieci
820 1465 896 1490 non
921 1452 1059 1503 plenus
1082 1452 1146 1490 sed
1169 1451 1236 1502 qui
1258 1451 1435 1497 sufficiat,
1467 1453 1657 1490 formatus

236 1511 404 1551 maxime
427 1510 473 1548 ad
496 1510 801 1554 Berolinensem,
835 1509 900 1547 sed
923 1508 1134 1559 respiciens
1157 1508 1249 1546 item
1275 1514 1351 1546 tam
1375 1507 1657 1546 Vercellensem

234 1580 351 1620 quam
385 1567 726 1605 vindobonensem
764 1566 805 1603 in
842 1565 901 1604 his
938 1577 1093 1615 quoque
1130 1564 1282 1603 duobus
1312 1564 1386 1602 illis
1417 1564 1658 1602 inferiorem.

235 1680 569 1720 Adsimilationem
617 1679 949 1731 praepositionum
995 1679 1033 1717 in
1072 1678 1298 1729 compositis
1335 1677 1451 1716 talem
1488 1677 1658 1722 exhibui,

320 1738 444 1788 qualis
490 1744 549 1775 est
593 1737 631 1775 in
663 1736 714 1781 B3
761 1737 912 1786 longius
948 1748 1151 1787 progressa
1190 1741 1250 1774 est
1279 1735 1319 1773 in
1358 1734 1446 1781 VW,
1493 1740 1536 1773 ut
1567 1734 1659 1786 affi-

321 1798 418 1833 citur
451 1794 542 1837 166,
570 1794 618 1832 16
662 1794 705 1832 W
734 1816 788 1820 ——
819 1794 938 1844 affin·
973 1792 1063 1836 159,
1088 1792 1112 1831 6
1149 1792 1231 1830 VW
1260 1814 1316 1819 —
1353 1791 1659 1842 appraehendere

324 1851 415 1889 162.
439 1850 490 1889 23
515 1850 596 1889 1Ἦῖ
621 1873 675 1877 -
707 1850 884 1901 compell-
919 1850 1010 1894 147,
1036 1849 1086 1888 16
1115 1849 1168 1892 W,
1203 1848 1294 1893 148,
1320 1849 1371 1885 14
1394 1847 1441 1886 W

234 1908 483 1959 geminantur
525 1914 782 1946 consonantes
821 1917 1040 1958 perperam:
1080 1908 1288 1944 consummi
1324 1905 1415 1950 175,
1439 1903 1462 1943 8
1494 1903 1579 1943 BW
1603 1926 1660 1931 —-

321 1965 488 2017 affricae,
521 1967 712 2015 ayyrestis,
745 1964 880 2007 bettice,
911 1965 1215 2007 mannumittere,
1247 1964 1426 2001 siccarius
1462 1961 1508 1999 W

235 2034 314 2061 non
360 2021 606 2071 geminantur
646 2032 875 2072 perperam:
924 2020 1062 2071 afectos
1102 2018 1193 2062 158,
1218 2019 1241 2057 5
1272 2018 1304 2056 Β
1343 2040 1398 2045 -
1435 2016 1658 2056 comendata

324 2078 415 2123 169,
440 2077 463 2114 2
492 2077 522 2116 Β
554 2101 608 2104 -
640 2077 825 2116 comodati
857 2076 953 2123 169,
978 2075 1001 2115 8
1033 2075 1062 2113 Β
1092 2098 1147 2103 ——
1179 2082 1391 2114 comentar-
1425 2073 1517 2119 193,
1543 2073 1593 2112 16
1626 2073 1658 2112 Β

320 2157 375 2161 -—-
396 2135 602 2185 efractores
626 2133 716 2176 163,
738 2133 787 2171 12
810 2133 892 2172 Bw
911 2157 962 2159 —
985 2136 1120 2176 exasit,
1151 2135 1316 2171 emiserit
1336 2131 1480 2183 passim
1504 2129 1584 2169 Bw
1603 2152 1659 2157 —-

321 2203 467 2230 erarem
492 2191 582 2236 160,
609 2192 659 2229 14
681 2190 712 2229 Β
728 2214 782 2217 —
798 2192 1047 2229 ‹manumitere
1071 2188 1162 2236 143,
1186 2188 1210 2228 8
1233 2189 1264 2228 Β
1282 2211 1333 2216 -—
1348 2189 1443 2239 posit
1467 2187 1558 2233 151,
1582 2186 1606 2225 9
1624 2187 1655 2226 Β

320 2270 374 2275 -
404 2248 613 2287 remitemla
648 2248 739 2294 177,
766 2248 815 2286 19
848 2247 890 2285 Β.

235 2319 265 2353 e,
297 2318 352 2351 ae,
387 2316 443 2343 oe:

319 2374 338 2401 e
369 2373 438 2413 pro
475 2373 540 2400 ae:
589 2361 767 2406 admisse,
801 2372 880 2411 que,
913 2359 1006 2398 item
1039 2362 1155 2405 etatis,
1193 2356 1420 2410 praesertim
1451 2368 1543 2407 pre-
1581 2368 1652 2408 pro

367 2430 482 2468 prae—
514 2417 658 2469 passim
690 2416 743 2455 B:
775 2417 889 2454 etiam
924 2416 1163 2467 frequentius
1204 2414 1282 2453 VW

322 2487 364 2513 ae
394 2487 464 2526 pro
496 2487 534 2514 e:
572 2476 828 2514 atrocissimae
862 2472 957 2519 148,
981 2473 1005 2512 6
1037 2473 1068 2511 B
1106 2495 1153 2499 —
1184 2483 1384 2522 coqnuscae
1417 2469 1509 2514 147,
1532 2468 1584 2507 23
1625 2469 1658 2507 B

370 2553 420 2558 ——
453 2534 572 2570 iustae
606 2531 698 2574 147,
721 2529 773 2568 22
817 2530 847 2568 B
877 2552 933 2558 —
963 2532 1125 2581 optimae
1157 2529 1248 2574 141,
1271 2527 1295 2566 6
1316 2526 1347 2565 Β
1380 2549 1432 2554 -
1461 2526 1658 2565 uidilicaet

372 2587 463 2635 178,
505 2589 554 2627 19
586 2587 637 2634 Β,
685 2587 775 2625 item
811 2587 986 2632 academ,
1021 2598 1146 2631 aeam,
1179 2583 1375 2627 laetaliter,
1399 2595 1586 2634 praecum
1617 2588 1656 2621 et

370 2645 424 2683 sic
455 2645 635 2695 deinceps
668 2644 709 2690 B,
742 2643 866 2682 rarius
904 2643 992 2682 VW.

234 2713 253 2739 e
284 2706 322 2738 et
351 2703 367 2738 i

322 2769 340 2795 e
370 2769 440 2808 pro
470 2760 500 2796 i:
532 2758 688 2809 impedet
711 2757 803 2804 157,
828 2758 847 2795 1
881 2757 911 2796 V
927 2779 981 2784 ——
998 2758 1166 2806 prestetit
1187 2753 1279 2800 140,
1302 2754 1326 2792 4
1350 2753 1382 2792 V
1399 2773 1451 2779 ——-
1468 2753 1658 2803 preuiqna
