1828 3011
235 156 429 184 conLA'rio
452 146 504 189 16,
525 159 549 182 3.
716 165 833 169 -——
898 147 980 186 194
1042 164 1158 168 —

93 265 146 305 16,
161 277 186 306 3,
201 277 216 299 2
232 269 509 302 testamentum
542 263 690 302 obiecta
716 263 792 302 doli
814 262 1038 312 exceptione
1061 261 1263 312 optinebit.
1314 262 1455 301 horum
1477 275 1644 312 quorum

232 325 463 358 testamenta
493 325 732 371 rumpuntur
760 324 826 358 aut
845 319 961 357 inrita
983 318 1094 362 fiunt,
1126 318 1211 368 ipso
1233 317 1388 368 quidem
1411 317 1493 357 iure
1516 319 1647 357 testati

195 388 211 411 3
233 376 442 422 decedunt,
483 376 548 415 sed
586 388 655 427 per
691 373 988 424 consequentias
1029 373 1179 412 sublato
1212 380 1442 413 testamento
1473 374 1647 413 intestati

232 432 435 471 decedunt.
476 432 749 470 intestatorum
779 430 971 468 hereditas
993 429 1074 480 lege
1097 429 1300 468 duodecim
1324 430 1541 469 tabularum
1565 431 1646 482 pri-

232 501 340 527 mum
364 488 444 526 suis
467 488 686 534 heredibus,
710 486 846 525 deinde
868 485 1017 536 agnatis
1040 491 1078 524 et
1098 485 1303 536 aliquando
1320 499 1473 537 quoque
1491 487 1646 537 gentili-
1672 490 1693 523 5

233 545 303 583 bus
335 544 591 582 deferebatur.
652 555 743 581 sane
775 542 1065 592 consanguinei,
1102 554 1199 592 quos
1230 542 1290 580 lex
1320 555 1397 581 non
1429 543 1648 594 adprehen-

195 615 210 638 4
231 602 349 646 derat,
381 599 700 651 interpretatione
730 598 982 649 prudentium
1015 598 1185 650 primum
1215 597 1317 636 inter
1337 605 1495 649 agnatos
1517 599 1645 638 locum

231 662 475 707 acceperunt.
532 655 592 694 sui
624 655 785 693 heredes
807 661 900 694 sunt
920 655 1047 706 primo
1070 655 1153 693 loeo
1175 654 1277 692 filius
1299 654 1374 693 filia
1396 655 1434 692 in
1456 661 1647 706 potestate

231 713 350 764 patris
371 712 593 750 constituti:
626 723 697 750 nec
727 711 902 757 interest,
935 711 968 749 si
999 710 1172 762 adoptiui
1204 710 1282 749 sint
1313 723 1360 748 an
1389 711 1582 750 naturales
1610 718 1649 751 et

195 779 211 801 5
232 768 447 807 secundum
479 769 602 817 legem
633 767 767 806 Iuliam
797 767 1007 818 Papiamue
1038 766 1215 817 quaesiti,
1248 767 1363 805 modo
1395 774 1577 806 maneant
1607 768 1648 806 in
1680 770 1720 804 10

230 831 434 875 potestate.
495 824 562 874 qui
594 824 652 862 sui
681 824 842 862 heredes
866 829 970 870 sunt,
1002 823 1086 874 ipso
1108 824 1191 861 iure
1213 823 1375 861 heredes
1396 823 1512 861 etiam
1534 823 1648 874 igno-

231 887 361 919 rantes
392 880 697 926 constituuntur,
735 885 779 918 ut
808 879 945 918 furiosi
977 886 1044 918 aut
1073 879 1240 918 infantes
1272 885 1310 918 et
1339 879 1648 930 peregrinantes:

232 937 373 987 quibus
398 936 588 975 bonorum
611 935 808 988 possessio
830 936 905 975 nisi
926 941 1084 987 propter
1105 935 1337 987 praetoriam
1361 935 1550 974 actionem
1569 948 1650 975 non

195 1000 211 1023 6
231 999 313 1031 erat
343 992 572 1031 necessaria.
618 992 699 1031 suis
732 992 938 1031 heredibus
970 992 1064 1030 adeo
1095 1005 1116 1031 a
1148 998 1273 1031 morte
1300 992 1495 1031 testatoris
1516 1004 1649 1031 rerum

231 1049 551 1088 hereditariarum
585 1048 802 1087 dominium
826 1048 1088 1093 continuatur,
1121 1054 1165 1087 ut
1185 1060 1257 1087 nec
1277 1048 1419 1087 tutoris
1441 1048 1650 1087 auctoritas
1679 1050 1721 1084 15

231 1105 387 1157 pupillis
417 1118 491 1144 nec
520 1105 678 1144 furiosis
711 1111 866 1144 curator
898 1105 947 1143 sit
977 1105 1233 1151 necessarius,
1265 1106 1340 1144 nisi
1363 1106 1462 1143 forte
1482 1106 1540 1154 [ut
1560 1105 1650 1144 abs-

231 1161 391 1208 tineant,
423 1161 455 1200 si
487 1161 619 1200 minus
647 1162 759 1211 forte]
788 1161 975 1200 soluendo
1004 1161 1054 1200 sit
1076 1161 1286 1200 hereditas:
1319 1161 1500 1212 quamuis
1532 1161 1648 1200 etiam

230 1218 417 1265 furiosus,
462 1217 495 1256 si
540 1217 760 1268 resipuerit,
807 1224 846 1256 et
890 1217 1073 1269 pupillus,
1120 1217 1152 1255 si
1197 1217 1422 1263 adoleuerit,
1455 1217 1648 1256 abstinere

196 1279 210 1306 ⁷
230 1274 394 1325 possint.
461 1280 549 1324 post
580 1280 745 1312 mortem
779 1273 899 1325 patris
930 1281 1044 1312 natus
1082 1273 1143 1311 uel
1173 1273 1219 1312 ab
1251 1274 1429 1313 hostibus
1466 1286 1650 1312 reuersus

230 1336 297 1368 aut
327 1342 373 1368 ex
404 1329 531 1380 primo
563 1330 786 1368 secundoue
819 1329 1012 1380 mancipio
1035 1330 1300 1368 manumissus
1323 1329 1483 1369 cuiusue
1505 1330 1648 1369 erroris
1677 1332 1720 1366 20

231 1399 344 1424 causa
376 1386 535 1436 probata
566 1386 661 1435 [est],
700 1386 790 1424 licet
826 1398 904 1424 non
936 1385 1082 1424 fuerint
1112 1385 1151 1423 in
1183 1391 1386 1436 potestate,
1426 1385 1486 1424 sui
1517 1392 1648 1424 tamen

195 1442 330 1492 span-i
362 1442 523 1480 heredes
556 1441 794 1480 efficiuntur.
870 1448 959 1492 post
1003 1441 1102 1479 filios
1149 1441 1245 1480 filias
1291 1442 1338 1480 ad
1374 1441 1649 1481 intestatorum

231 1498 518 1536 successionem
558 1497 661 1536 inter
701 1510 795 1536 suos
832 1497 998 1536 ueniunt
1035 1502 1196 1548 nepotes
1234 1504 1383 1548 neptes,
1415 1505 1650 1549 pronepotes

231 1560 437 1605 proneptes
469 1566 513 1592 ae
544 1554 682 1592 deinde
714 1553 930 1592 masculino
967 1566 1062 1592 sexu
1093 1566 1162 1604 per
1198 1553 1321 1592 filium
1359 1553 1650 1601 descendentes,

232 1623 273 1628 ΛΝ,
276 1621 579 1628 ww«uwvwxmx
582 1622 631 1627 w„
634 1622 768 1628 ΝΜ

324 1652 337 1683 1
366 1650 497 1682 abiecta
522 1649 607 1682 libri.
649 1648 660 1691 Η
704 1651 941 1692 expectatione
966 1651 1071 1690 (-nem
1092 1648 1161 1690 W)
1188 1650 1274 1682 libri.
1313 1649 1322 1692 Η
1357 1651 1475 1682 horum
1501 1651 1652 1691 quorum]

229 1697 359 1737 scripsi,
398 1705 509 1726 eorum
544 1705 682 1736 quorum
717 1695 805 1727 libri.
859 1694 869 1737 Η
922 1696 940 1726 2
977 1697 1186 1737 rumpuntur]
1219 1701 1464 1735 rumponuntur
1491 1694 1584 1728 VW.
1638 1695 1649 1738 Η

230 1740 336 1771 inuita
370 1739 459 1771 libri.
512 1739 523 1782 Η
577 1740 722 1782 quidem]
756 1751 884 1782 quoque
910 1739 967 1773 W.
1021 1740 1031 1782 Η
1084 1740 1103 1771 3
1129 1740 1324 1772 testamenti
1351 1739 1388 1771 B.
1443 1739 1453 1782 Η
1510 1742 1566 1772 sed
1594 1751 1654 1784 per

231 1785 487 1826 consequentias
521 1786 599 1823 (-tia
619 1785 671 1825 V)
696 1796 722 1816 s.
749 1790 772 1817 t.
800 1786 820 1817 i.
850 1786 1014 1817 decedunt
1039 1796 1103 1817 om.
1122 1784 1159 1816 B.
1205 1786 1214 1827 Η
1256 1787 1276 1817 4
1303 1785 1480 1826 decedunt]
1507 1785 1651 1818 reddun-

230 1835 286 1861 tur
311 1830 473 1862 Huschke.
517 1830 526 1872 Η
569 1832 588 1862 5
622 1830 812 1869 heredibus]
837 1830 1085 1862 hereditatibus
1111 1829 1151 1861 B.
1192 1828 1202 1871 Η
1246 1832 1291 1869 et]
1319 1836 1371 1862 est
1390 1829 1447 1871 W,
1474 1836 1526 1862 est
1551 1835 1585 1863 et
1604 1830 1652 1864 V:

229 1878 310 1917 pato
338 1874 523 1907 delendum.
576 1874 586 1917 Η
641 1877 781 1918 quoque]
808 1876 895 1906 enim
915 1874 971 1907 W.
1026 1874 1035 1916 Η
1089 1876 1245 1915 gentibus
1270 1875 1356 1907 libri.
1407 1875 1416 1918 Η
1463 1877 1482 1907 6
1509 1886 1652 1908 consan-

230 1920 345 1957 guinei
371 1922 465 1961 quos]
504 1920 674 1961 Cuiacizzs,
705 1920 961 1961 consanguineis
992 1920 1076 1952 libri.
1119 1919 1130 1961 Η
1172 1920 1440 1961 adprehenderet
1466 1919 1523 1953 W.
1572 1920 1582 1963 Η
1635 1923 1652 1952 7

231 1966 548 2006 interpretationem
575 1964 663 1997 BW.
719 1965 729 2008 Η
781 1965 856 1996 loco
882 1964 922 1996 B.
976 1964 986 2006 Η
1040 1966 1255 2007 accoeperint
1280 1964 1337 1997 W.
1385 1964 1396 2007 Η
1445 1966 1463 1998 8
1489 1966 1555 2006 sui]
1581 1967 1652 1998 suis

232 2009 281 2048 V,
319 2010 385 2041 sibi
412 2009 470 2041 W.
530 2009 540 2051 Η
600 2011 720 2052 primo]
756 2011 818 2042 hoc
855 2011 962 2052 primo
990 2009 1072 2051 BV,
1109 2011 1173 2042 hoc
1211 2011 1351 2052 primum
1379 2009 1437 2042 W.
1492 2010 1502 2053 Η
1556 2016 1652 2052 pote—

231 2059 351 2085 statem
385 2053 477 2087 VW.
531 2055 542 2096 Η
595 2056 614 2086 9
648 2056 678 2087 si
710 2055 816 2087 delent
847 2054 919 2087 edd.
952 2058 1049 2087 recte.
1103 2054 1114 2098 Η
1167 2058 1219 2095 an]
1253 2060 1320 2087 tam
1354 2054 1395 2087 V.
1450 2054 1460 2097 Η
1514 2058 1560 2095 et]
1594 2067 1652 2088 eos

230 2098 321 2131 VW.
377 2098 388 2141 Η
444 2100 483 2132 10
510 2100 590 2131 iulia
617 2099 655 2131 B.
709 2099 719 2142 Η
772 2100 901 2142 papiam
934 2101 989 2131 uel
1022 2101 1146 2142 quesiti
1173 2100 1216 2141 V,
1247 2100 1430 2142 pipiamuae
1463 2101 1587 2142 quesiti
1613 2100 1652 2140 B,

231 2144 689 2230 ’ἰῗρίἃιῖωῖἷὶῗΐίἰῗίιῖῗιῖν
715 2144 725 2187 ¹¹
749 2146 1049 2232 111111οἷἰίἒῖῗεῖ
1059 2145 1170 2230 ’ἵῐεηΗ
1181 2144 1418 2223 θὶἔὲἓῗέἰυγ·
1445 2144 1653 2223 Εεεῖξὲῗὲῖέἓ

230 2233 304 2273 BV,
331 2235 561 2275 possessiones
582 2233 638 2266 W.
687 2234 697 2277 Η
746 2236 785 2266 14
811 2201 1037 2267 necgssariam
1063 2235 1101 2267 B.
1151 2234 1161 2277 Η
1209 2213 1276 2267 sui⁰
1288 2215 1385 2268 ΒΚ,
1409 2201 1441 2277 ΗΡ
1466 2245 1484 2266 a
1510 2241 1651 2268 mortem

232 2277 289 2318 W,
316 2279 355 2310 ad
382 2284 520 2310 mortem
540 2278 578 2311 B.
622 2278 631 2321 Η
673 2280 956 2312 hereditariorum
981 2279 1171 2320 BVW[?].
1216 2280 1226 2322 Η
1272 2281 1310 2312 15
1333 2282 1408 2323 post
1433 2281 1651 2312 continuatur

230 2326 292 2354 ins.
319 2324 405 2355 idem
423 2325 532 2367 (caput
549 2326 720 2367 incipiens)
740 2325 781 2358 V.
815 2325 825 2368 Η
855 2327 925 2366 nec]
954 2337 993 2357 ne
1013 2325 1070 2358 W.
1102 2324 1113 2368 Η
1146 2325 1185 2356 16
1212 2325 1361 2367 pupillis]
1382 2323 1439 2365 W,
1465 2326 1591 2367 pupillo
1611 2326 1650 2367 B,

231 2369 393 2410 pupillum
414 2368 455 2401 V.
487 2368 497 2411 Η
529 2374 670 2400 curatur
688 2369 725 2401 B.
757 2369 767 2411 Η
800 2371 1006 2403 necessariis
1027 2370 1089 2403 Va.
1121 2370 1131 2413 Η
1161 2375 1199 2401 ut
1223 2370 1413 2402 abstineant
1438 2371 1467 2402 si
1493 2381 1533 2402 m.
1561 2370 1651 2403 forte

229 2415 277 2445 sic
299 2414 375 2455 fere
391 2414 525 2445 blatum
542 2414 692 2456 (impleuit
710 2414 871 2458 [fraeger.
896 2414 906 2457 Η
936 2416 974 2447 17
1002 2416 1176 2455 soluendo]
1203 2415 1362 2447 soluenda
1381 2413 1457 2455 BV,
1483 2416 1649 2448 uoluenda

233 2456 289 2490 W.
325 2458 335 2501 Η
377 2460 416 2491 18
442 2458 607 2491 furiosius
629 2458 707 2492 thl.
742 2459 751 2501 Η
787 2460 1053 2502 resipieritBV.
1092 2460 1102 2503 Η
1135 2460 1295 2502 pupillus]
1321 2460 1351 2491 in
1380 2460 1543 2501 pupillum
1563 2461 1605 2493 V.
1639 2460 1651 2503 Η

230 2503 443 2535 adheieuerit
463 2503 519 2537 JV.
541 2503 550 2546 Η
572 2505 610 2536 19
637 2506 746 2546 possit
766 2505 806 2537 V.
828 2505 837 2547 Η
856 2506 946 2548 patri
964 2505 1038 2538 BV.
1059 2505 1069 2548 Η
1088 2507 1130 2537 20
1156 2505 1336 2537 secundum
1353 2505 1409 2536 uel
1429 2504 1470 2536 V.
1489 2504 1499 2545 Η
1520 2516 1651 2538 manum

231 2548 352 2580 missus
381 2548 472 2580 VW.
493 2548 502 2591 Η
523 2550 617 2581 cuius
643 2550 699 2581 uel
722 2549 763 2582 V.
784 2550 794 2592 Η
814 2551 853 2582 21
882 2552 944 2591 est]
970 2550 1107 2583 addidit
1130 2549 1292 2592 Iz’rueger.
1312 2548 1322 2591 Η
1341 2548 1446 2581 fuerit
1465 2549 1557 2583 VW.
1579 2551 1588 2593 Η
1609 2551 1650 2583 22

231 2593 284 2631 ad]
310 2595 350 2624 ab
375 2592 431 2626 W.
475 2593 486 2636 Η
528 2594 569 2625 23
595 2595 735 2626 ueniant
760 2594 849 2626 libri.
885 2595 895 2637 Η
929 2596 1121 2639 proneptes]
1147 2599 1348 2637 pronepotes
1375 2599 1489 2636 neptes
1515 2595 1555 2636 B,
1583 2606 1648 2628 om.

233 2636 290 2669 W.
332 2636 342 2679 Η
386 2639 428 2669 24
453 2641 503 2678 ac]
530 2644 585 2671 aut
605 2638 661 2671 W.
704 2638 715 2681 Η
757 2641 944 2672 masculinu
965 2640 1006 2673 V.
1049 2640 1060 2683 Η
1103 2650 1218 2672 sexum
1238 2638 1308 2672 BV.
1351 2638 1361 2681 Η
1404 2642 1475 2681 per]
1501 2640 1649 2673 Ritters-

231 2682 361 2722 husius,
388 2689 465 2724 post
491 2683 579 2716 libri.
