1855 2957
161 147 209 174 Er
227 146 582 173 PROCVRATORIBVS.
650 163 767 167 —-—
834 138 914 179 105
977 162 1094 166 —
1243 147 1327 174 vA'r.
1348 148 1576 176 rasas-3⁴1.

164 255 229 305 (36)
251 277 304 282 --
325 251 342 307 ΙΙ
362 277 418 282 -—
439 254 507 305 (³6)
529 278 582 282 ——
603 257 755 307 ideoque
786 269 878 308 quae
899 258 1018 295 inuito
1041 255 1195 294 domino
1217 268 1238 293 a
1259 257 1576 306 procuratoribus
1598 266 1726 293 moon.
1753 266 1801 292 ΕΤ

162 310 358 361 ᾱίεΙεναεῐα
380 315 616 363 comparasti,
647 313 752 352 nullo
774 317 857 352 iure
876 315 1027 351 retines.
1050 335 1104 339 w
1125 312 1192 363 (36)
1215 335 1268 338 -
1301 324 1347 350 ex
1378 314 1576 363 superfluo
1592 302 1789 363 (ygssffigEffT

160 374 291 406 autern
314 380 357 405 ea
373 380 471 418 quae
493 381 611 419 procu
626 377 772 409 ratores
792 373 845 409 ita
861 391 914 397 -
932 369 999 420 (36)
1017 390 1072 397 —
1086 375 1278 420 yesserunt
1295 381 1361 408 nos
1377 370 1577 421 infirmare
1651 372 1738 398 GAL-

159 423 373 471 desideras3
405 436 492 463 nam
525 425 752 477 p1·in{cipum
780 429 958 478 rescripto
989 448 1043 453 -
1067 428 1131 473 (36)
1154 448 1208 453 -
1230 428 1390 476 quinon
1410 426 1578 465 inclusus

157 483 261 520 iutra
276 484 370 520 certi
389 481 574 533 temporis
597 483 784 522 terminos
805 482 1003 535 perpe[tua
1024 485 1165 522 actione
1187 484 1319 529 utitur,
1342 495 1578 535 nequaquam

157 537 307 588 iudiyet.
330 560 385 564 —
407 540 472 586 (36)
491 562 543 565 —-
567 538 680 578 Mart.
712 539 954 578 Nicomediae
983 539 987 591 Ι
1015 563 1068 566 —
1091 542 1155 586 (36)
1179 561 1232 566 -
1261 563 1303 578 Ν
1336 537 1340 591 Ι

65 593 133 629 339
161 623 280 632 .....
294 594 306 615 1
324 593 518 646 Coqm'tore
539 596 601 634 uel
616 604 867 647 procuratore
885 597 927 636 ob
944 609 1027 635 eam
1043 608 1121 636 rem
1141 595 1334 641 damnato,
1357 608 1455 647 quae
1472 597 1577 648 peri-
1600 607 1682 635 ΠΛ).
1703 608 1734 633 L.
1754 608 1800 648 Ῡι,

158 650 290 689 culum
321 651 555 701 ignominiae
585 652 589 705 Ι
616 656 786 700 continet,
823 665 938 705 neque
969 653 1144 692 dominus
1173 664 1290 704 neque
1322 655 1486 704 coynitor
1516 653 1578 692 uel
1614 643 1664 668 AD
1686 643 1784 669 ΕΜΔ

153 715 382 758 procurator
420 708 634 756 notabitur,
679 710 768 761 quia
804 723 929 761 neque
968 710 1150 748 dominus
1187 709 1481 748 condemnatus
1525 716 1578 749 est

155 776 273 816 neque
304 767 369 816 qui
396 765 662 805 condemnatus
691 773 743 805 est
772 778 838 805 suo
869 769 1018 806 nomine
1048 769 1129 818 epit.
1187 767 1250 805 sed
1280 773 1318 805 et
1348 767 1379 805 si
1401 767 1577 817 cognitor

155 819 194 858 in
228 833 309 860 rem
338 820 342 874 Ι
369 835 477 861 suam
509 822 618 862 clatus
647 830 715 868 est,
761 824 856 862 idem
895 824 1074 868 dicemus,
1121 836 1348 875 quamquam
1388 826 1576 875 cognitore

155 876 219 915 uel
245 885 495 929 procuratore
525 882 565 918 in
596 878 704 918 rem3
736 892 844 918 suam
879 880 966 918 dato
997 880 1063 919 lis‘*
1099 880 1139 918 in
1167 879 1171 931 Ι
1198 883 1320 931 ipsum
1357 883 1579 919 aestimatur

154 946 270 985 neque
302 937 343 974 in
380 935 573 974 (lominum
610 949 632 974 a
664 943 914 987 procuratore
952 936 1014 975 uel
1059 938 1256 987 cognitore
1303 940 1538 976 transfertur
1571 939 1574 990 Ι

0 1037 1 1043 Ι
154 991 347 1031 iudicium.
380 1014 434 1019 —-
465 991 534 1042 (36)
566 1015 620 1019 *-
648 1016 690 1031 Ν
726 991 729 1037 Ι

0 1055 2 1099 Ι
61 1044 130 1079 340
156 1069 211 1074 -—
243 1050 308 1097 (36)
339 1071 395 1075 -
423 1049 554 1099 famae
590 1048 806 1100 periculum
843 1048 994 1100 inrogat
1027 1047 1031 1101 Ι
1060 1072 1114 1077 -—-
1150 1049 1216 1100 (36)
1253 1073 1308 1078 -—
1339 1050 1575 1101 cognitorem
1637 1080 1642 1086 .
1668 1080 1674 1086 .
1700 1059 1748 1087 ..⁵

155 1104 333 1155 dirigere.
372 1129 414 1144 Ν
450 1103 454 1156 Ι

39 1167 131 1202 3406
156 1184 210 1188 -
232 1162 299 1212 (36)
321 1158 398 1190 -6
430 1161 561 1200 Actio⁷
594 1161 791 1213 popularis
829 1160 1070 1212 cognitorem
1099 1159 1104 1214 Ι
1128 1170 1463 1213 procuratoremue
1499 1167 1578 1203 eius

156 1223 221 1270 qui
253 1221 329 1271 ayit
358 1230 434 1258 uon
465 1220 540 1257 uisi
560 1226 645 1270 post
675 1219 778 1258 litem
810 1224 1067 1257 contestatam
1099 1219 1281 1258 admittit.
1310 1218 1314 1272 Ι

38 1279 130 1315 340b
159 1277 236 1323 Qui
263 1275 377 1315 semel
407 1278 571 1327 coym'tor
590 1277 716 1326 factus
736 1282 798 1320 est,
829 1276 1010 1315 iudicium
1031 1275 1204 1327 accipere
1225 1276 1387 1327 cogitur,
1410 1277 1578 1317 maxime

161 1331 236 1381 '„-
259 1332 326 1383 (36)
347 1356 403 1359 —
425 1333 521 1384 quod
550 1335 584 1371 si
607 1339 804 1384 postquam
834 1333 1020 1372 iudicium
1051 1332 1186 1384 coepit,
1227 1333 1407 1384 capitales
1443 1334 1577 1373 inimi-

155 1389 264 1429 citias
291 1387 296 1443 Ι
322 1392 572 1429 intercessisse
598 1389 824 1440 probabitur
858 1412 903 1416 —
928 1390 992 1440 (36)
1020 1412 1075 1416 —-
1103 1390 1344 1440 permittitur
1380 1393 1576 1431 excusatio

155 1444 368 1497 cogniytori.
400 1468 455 1473 -
487 1448 552 1496 (36)
584 1469 638 1473 -—
660 1446 764 1496 [item
796 1445 848 1485 ait
879 1445 912 1484 si
942 1446 1161 1497 s]uspectus
1200 1452 1306 1486 tutor
1342 1449 1573 1499 postuletur,

157 1503 412 1553 [defensorem
459 1503 542 1541 eius
580 1508 759 1554 oportere
797 1502 912 1541 etiam
954 1503 1001 1541 de
1031 1508 1114 1542 rato
1153 1516 1301 1550 cauere,
1348 1517 1396 1543 ne
1440 1517 1575 1544 reuer-

156 1572 223 1599 sus
254 1560 316 1598 ille
347 1559 454 1609 u]elit
497 1565 707 1598 retractare
753 1559 855 1610 quod
902 1565 1032 1598 actum
1069 1558 1072 1612 Ι
1105 1560 1187 1609 [est.
1239 1561 1307 1599 sed
1352 1574 1431 1600 non
1468 1562 1575 1601 facile

155 1629 224 1668 per
265 1623 559 1669 procuratorem
597 1617 684 1668 quis
726 1622 931 1668 suspectus
968 1616 1245 1666 accusabithir,
1293 1618 1477 1669 quoniam
1516 1622 1574 1657 sa-

157 1674 289 1713 mosa⁹
322 1686 437 1712 causa
468 1681 538 1720 est,
575 1673 651 1712 nisi
678 1673 682 1726 Ι
711 1674 875 1723 [constet
906 1673 940 1712 ei
971 1686 991 1712 a
1023 1679 1153 1712 tutore
1185 1675 1411 1714 mandatum
1444 1676 1575 1714 nomi·

154 1730 303 1780 natim].
334 1755 376 1770 Ν

62 1793 125 1827 341
158 1787 190 1809 10
213 1811 268 1814 ——
303 1787 370 1839 (36)
406 1809 461 1815 ——
491 1786 572 1826 Hoc
616 1786 776 1826 edictum
814 1787 860 1825 de
904 1786 1082 1838 pluribus
1119 1787 1323 1838 speciebus
1356 1786 1362 1841 Ι
1393 1788 1572 1840 loquitur.

248 1914 275 1934 e.
302 1903 395 1934 3401)
413 1918 456 1928 =
474 1901 551 1945 mg:
572 1901 603 1942 3,
622 1902 653 1941 3,
670 1901 702 1942 9,
722 1902 752 1933 Τ.
784 1900 949 1944 leianus
967 1902 990 1933 1.
1009 1900 1057 1933 IX
1073 1902 1114 1933 ad
1133 1902 1182 1934 ed.
1216 1901 1298 1935 Item
1323 1903 1373 1935 ait
1397 1922 1441 1926 —
1467 1906 1574 1935 nomi-

156 1948 259 1980 natim
285 1953 344 1981 aut
369 1948 398 1980 si
422 1948 524 1980 etiam
549 1947 687 1980 absente
711 1951 836 1988 tutore,
865 1947 960 1989 quasi
978 1957 1043 1979 non
1060 1946 1310 1989 defenderetur,
1336 1954 1474 1992 praetor
1499 1954 1575 1982 erat

155 1994 365 2035 cogniturus.

247 2160 261 2191 1
290 2160 359 2191 tres
380 2159 513 2200 priores
528 2157 630 2189 liuius
645 2168 671 2189 c.
690 2167 812 2189 uersus
828 2159 878 2189 ita
901 2157 976 2199 fere
992 2157 1212 2200 empleuerzmt
1230 2156 1433 2201 Hudorffius
1452 2158 1488 2191 V
1485 2169 1569 2191 orm.

155 2203 186 2241 3,
203 2202 245 2234 97
271 2205 303 2235 et
319 2202 493 2239 Blamius,·
518 2213 601 2245 quae
624 2205 808 2244 sequuntur
830 2201 1058 2246 supplementa
1080 2213 1156 2234 mea
1179 2206 1269 2235 sunt.
1304 2203 1314 2245 ΙΙ
1350 2205 1368 2234 2
1395 2215 1422 2236 e.
1442 2204 1507 2236 339
1530 2204 1576 2235 ad

157 2247 296 2292 leiani
321 2249 340 2280 l.
369 2248 423 2282 VI
441 2248 488 2280 ad
510 2248 658 2280 edictum
682 2251 842 2280 reuocant
866 2248 1056 2280 Huscltkius
1079 2251 1109 2280 et
1132 2248 1292 2281 dubitans
1317 2248 1473 2282 Lenelius
1497 2251 1574 2293 (pa-

155 2293 238 2337 ling.
265 2295 381 2327 inc-ert.
406 2295 455 2336 fr.
482 2294 552 2333 25.)
593 2292 604 2336 ΙΙ
646 2294 664 2325 3
692 2303 759 2325 sem
779 2293 854 2325 Vm.
896 2293 907 2336 ΙΙ
947 2295 969 2326 4
993 2294 1036 2325 lis
1057 2293 1136 2333 VM»,
1160 2294 1210 2326 bis
1231 2294 1306 2326 Vm.
1348 2294 1358 2337 ΙΙ
1401 2297 1419 2327 5
1446 2306 1472 2326 e.
1498 2296 1574 2327 340.

155 2339 220 2371 340
231 2350 261 2372 a.
287 2340 380 2371 3401>
413 2339 600 2372 Hasclzlfius
626 2339 728 2371 Pauli
752 2341 925 2371 sententiis
949 2339 983 2378 (l.
1008 2339 1030 2371 I
1049 2341 1097 2371 tit.
1125 2339 1158 2379 2)
1189 2340 1386 2382 uindicauit,
1424 2339 1576 2372 Lenelius

154 2387 190 2416 in
209 2384 446 2428 palingenesia
469 2388 508 2418 ut
533 2397 559 2417 c.
579 2385 641 2417 341
670 2385 728 2423 (=
746 2383 823 2428 le.
849 2385 895 2423 f'r.
913 2385 992 2425 321)
1018 2386 1067 2416 ita
1090 2385 1191 2417 liuius
1216 2388 1337 2429 capitis
1353 2388 1485 2429 partem
1502 2396 1574 2417 eam.

155 2441 237 2471 quae
260 2432 295 2462 in
311 2431 462 2473 Digestis
486 2430 572 2463 redit
597 2432 653 2469 (=
672 2430 707 2462 V
705 2428 745 2473 tp.
769 2430 818 2471 fr.
837 2430 913 2468 322)
939 2429 1075 2462 rettulit
1097 2432 1183 2463 iuter
1199 2434 1357 2474 eoecerpta
1374 2442 1417 2463 θα·
1437 2431 1577 2474 ΡἹΡῘαηί

155 2474 175 2507 l.
193 2475 248 2508 IX.
281 2476 326 2508 ad
357 2476 502 2508 edictum
541 2477 635 2517 (nam
669 2485 762 2507 mero
792 2476 997 2519 typographi
1023 2471 1136 2508 errore
1159 2476 1274 2508 eadem
1299 2477 1458 2520 leg-antur
1489 2479 1575 2509 inter

155 2522 284 2553 incerta
310 2523 356 2557 f’r.
376 2522 446 2562 26):
474 2524 507 2553 in
531 2521 639 2554 codice
662 2523 741 2553 llaec
766 2522 815 2552 ita
839 2522 967 2565 scripta
992 2523 1079 2560 sunt,
1105 2524 1141 2553 ut
1157 2523 1226 2553 nisi
1241 2522 1401 2554 librarius
1416 2525 1573 2565 (ποθι-ρέα

156 2567 377 2608 per-turbauit,
416 2579 443 2599 c.
470 2567 546 2599 340.
573 2568 638 2599 340
649 2577 677 2599 a.
704 2566 809 2598 3401).
835 2566 898 2598 341
924 2566 1073 2599 eiusdem
1097 2569 1245 2599 auctoris
1269 2569 1336 2600 siut
1362 2578 1491 2600 necesse
1515 2571 1572 2599 est.

157 2608 173 2654 ΙΙ
207 2611 226 2643 6
251 2613 299 2644 ita
321 2613 397 2655 fere
420 2613 589 2656 suppleuit
613 2611 771 2654 Holiweg.
815 2610 826 2654 ΙΙ
869 2612 887 2643 7
911 2622 975 2644 om.
1003 2611 1041 2644 V
1043 2619 1079 2644 ⁷⁷2.
1122 2611 1133 2654 ΙΙ
1175 2613 1194 2645 8
1220 2614 1353 2651 confert
1378 2613 1457 2656 Dig.
1485 2614 1516 2654 3,
1541 2613 1573 2654 3,

157 2658 188 2695 8,
214 2656 233 2688 3
257 2662 292 2690 et
316 2660 346 2699 3,
363 2659 395 2698 3,
416 2659 456 2690 14
481 2657 638 2701 Hollweg.
680 2657 690 2700 ΙΙ
733 2660 751 2690 9
778 2655 883 2689 famae
909 2656 990 2700 Dig.
1032 2655 1044 2700 ΙΙ
1089 2658 1128 2690 10
1154 2669 1180 2690 c.
1200 2658 1261 2690 341
1289 2661 1418 2691 retinui
1439 2659 1572 2703 suppla-

156 2704 270 2734 menta
294 2702 472 2747 Hollwegii
493 2706 612 2748 paucis
635 2706 781 2736 mutatis
806 2702 984 2735 additis-ue.
