1855 2957
242 106 327 132 VAT.
347 105 406 131 ΡΒ.
424 107 537 131 11-14.
739 113 855 117 —--
919 94 972 135 22
1035 111 1151 115 ——-
1452 102 1505 127 EX
1524 101 1658 129 ΕΜΡΤΟ

179 222 217 254 11
249 212 440 252 Conuenit
497 213 542 252 ad
600 213 700 252 diem
757 211 882 264 pretio
929 223 1007 250 non
1055 209 1182 248 soluto
1241 209 1433 249 uenditori
1489 211 1657 251 alterum
1676 222 1761 250 PAP.
1783 223 1816 250 L.

175 498 218 530 12

174 837 215 869 13

171 1118 213 1150 14

247 275 398 308 tantum
437 269 635 321 praestari.
703 269 807 320 quod
854 278 1061 307 usurarum
1101 265 1353 305 centesimam
1401 267 1570 314 excedit,
1617 268 1658 307 in

246 327 420 365 fraudem
452 326 547 365 iuris
581 326 734 364 uidetur
763 324 953 364 additum.
1005 323 1157 361 diuersa
1190 334 1303 361 causa
1335 330 1395 362 est
1425 324 1661 364 commisso-

245 383 324 421 riae
354 382 461 433 legis,
493 395 580 421 curn
613 383 653 420 in
685 395 727 421 ea
758 381 885 433 specie
923 391 1001 418 non
1041 381 1155 417 fenus
1192 378 1382 419 inlicitum
1423 387 1663 428 exerceatur,

246 439 312 478 sed
344 439 403 477 lex
435 437 673 477 contractui¹
708 450 786 477 non
818 435 1071 488 inprobabilis
1104 435 1266 474 dicatur.
1292 460 1333 476 ω

246 497 344 534 Ante
367 495 535 546 pretium
560 495 730 534 solutum
759 492 920 532 dominii
941 491 1168 543 quaestione
1191 499 1293 531 mota
1315 494 1484 545 pretium
1509 501 1666 546 emptor

244 552 449 591 restituere
477 564 554 590 non
600 558 770 601 cogetur,
810 550 964 588 tametsi
1001 548 1196 587 maxime2
1228 549 1477 590 fideiussores
1499 551 1664 590 euictio-

244 608 305 646 nis
328 608 554 654 offerantur,
577 607 694 646 cum3
726 608 908 656 ignorans
940 605 1166 656 possidere4
1206 607 1388 657 coeperit.
1441 620 1529 646 nam
1565 620 1663 647 usu-

244 664 375 715 capio5
407 664 549 702 frustra
583 663 843 714 complebitur
864 662 1070 713 anticipata
1093 661 1159 700 lite
1181 674 1253 701 nec
1274 670 1428 715 oportet
1456 664 1663 703 euictionis

244 720 489 759 securitatem
524 719 722 770 praestari,
755 731 844 758 cum
879 718 916 757 in
949 719 1033 770 ipso
1065 725 1288 758 contractus
1318 720 1453 760 limine
1485 720 1661 760 domini⁶

242 777 455 828 periculum
488 776 702 814 immineat.
730 800 771 815 Ν

244 833 427 870 Venditor
458 832 489 870 si
521 845 590 883 per
631 832 897 871 conlusionem
938 832 1209 883 imaginarium
1251 833 1431 872 colonum
1472 834 1662 886 emptoris

241 889 455 940 decipiendi
487 901 599 927 causa
633 889 861 940 subposuit,
894 902 936 927 ex
969 895 1100 941 empto
1140 889 1353 936 tenebitur,
1400 903 1472 929 nec
1516 890 1664 930 idcirco

239 952 344 985 recte
375 945 606 989 defenditur,
639 945 683 991 si,
713 959 790 996 quo
812 945 962 985 facilius
986 946 1238 996 excogitatam
1261 948 1437 986 fraudem
1459 948 1661 995 retineret,

241 1004 419 1042 colonum
454 1010 491 1040 et
522 1002 694 1053 quinque
726 1015 918 1041 annorum
954 1003 1150 1041 mercedes
1188 1004 1228 1042 in
1268 1004 1382 1043 fidem
1416 1017 1525 1043 suam
1558 1005 1655 1044 reci-

243 1060 334 1111 piat.
381 1058 549 1109 alioquin
583 1059 615 1097 si
646 1059 745 1097 bona
777 1060 852 1098 fide
882 1060 1037 1103 locauit,
1071 1063 1281 1112 suspectus
1313 1073 1391 1100 non
1423 1061 1507 1100 erit.
1534 1086 1575 1101 ω

244 1117 343 1166 Lege
378 1115 610 1154 uenditionis
647 1115 822 1167 inempto
860 1116 1016 1167 praedio
1056 1119 1156 1156 sacto
1194 1119 1345 1157 fructus
1382 1118 1529 1157 interea
1568 1130 1660 1169 per-

240 1180 371 1224 ceptos
403 1171 545 1211 iudicio
578 1172 726 1211 uenditi
758 1173 911 1212 restitui
943 1173 1104 1225 placuit,
1137 1175 1319 1224 quoniam
1358 1187 1403 1213 eo
1439 1175 1524 1214 iure
1564 1187 1661 1213 con-

241 1236 405 1268 tractum
438 1229 477 1267 iu
511 1229 667 1268 exordio
702 1229 867 1276 uidetur,
901 1229 1014 1269 sicuti
1046 1231 1084 1269 in
1115 1231 1277 1282 pecunia
1310 1238 1455 1282 quanto
1496 1231 1659 1270 minoris

240 1285 407 1325 uenierit
452 1286 496 1324 ad
542 1286 643 1324 diem
687 1286 812 1337 pretio
850 1299 927 1325 non
968 1287 1107 1326 soluto.
1169 1288 1230 1327 cui
1271 1300 1350 1327 non
1396 1295 1456 1327 est
1500 1294 1659 1327 contra-

239 1344 363 1388 rium,
404 1344 501 1394 quod
537 1343 725 1381 iudicium
759 1343 806 1381 ab
844 1343 1031 1382 aedilibus
1062 1343 1101 1382 in
1140 1344 1284 1384 factum
1324 1345 1370 1383 de
1406 1344 1661 1396 reciperando

239 1400 361 1451 pretio
385 1399 571 1451 mancipii
586 1400 801 1446 redditu1=⁷,
819 1400 907 1451 quia
925 1400 1167 1451 displicuisse
1184 1402 1435 1453 proponitur:
1458 1401 1561 1452 quod
1578 1414 1658 1441 non

239 1457 312 1495 erit
343 1458 620 1503 necessarium,
653 1457 684 1495 si
715 1456 846 1495 eadem
880 1457 984 1508 legess
1007 1463 1249 1497 contractum
1279 1458 1519 1497 ostendatur.
1544 1482 1586 1497 ω

329 1568 355 1588 c.
387 1557 437 1588 11.
465 1556 517 1598 Cf.
544 1556 622 1597 Οἱς.
655 1556 703 1595 19,
734 1558 761 1595 1,
793 1556 841 1597 13,
870 1556 922 1587 26.
962 1556 1125 1598 leianus
1158 1557 1180 1588 l.
1211 1556 1347 1588 XXXII
1379 1557 1418 1588 ad
1451 1557 1501 1588 ed.
1534 1556 1659 1589 Ibidem

240 1602 343 1637 (libro
369 1603 473 1633 tertio
500 1604 752 1643 responsorum)
779 1601 982 1643 Papinianus
1019 1603 1234 1644 respondisse
1267 1613 1302 1634 se
1334 1602 1453 1643 rel'ert,
1479 1603 1508 1634 si
1534 1613 1659 1635 conue-

242 1648 330 1678 nerit
355 1652 391 1678 ut
417 1648 456 1678 ad
483 1648 569 1678 diem
602 1647 709 1688 pretio
746 1659 808 1679 non
844 1648 956 1679 soluto
988 1649 1160 1679 uenditori
1193 1648 1326 1690 duplum
1353 1653 1596 1690 praestaretur,
1622 1649 1657 1680 in

240 1692 390 1724 fraudem
417 1693 697 1724 constitutionum
730 1693 841 1724 uideri
874 1694 1059 1733 adiectum,
1092 1693 1178 1735 quod
1212 1704 1344 1725 usuram
1380 1693 1563 1733 legitimam
1598 1704 1659 1725 ex—

240 1738 350 1775 cedit,
377 1738 609 1780 diuersumque
636 1748 769 1769 causam
802 1739 1052 1770 commissoriae
1084 1749 1160 1770 esse
1192 1739 1253 1776 ait,
1279 1749 1350 1770 cum
1378 1749 1414 1770 ea
1443 1739 1567 1781 specie,
1603 1740 1658 1770 in-

240 1785 320 1824 quit,
352 1794 413 1814 non
445 1783 540 1814 fenus
572 1784 731 1815 illicitum
763 1784 994 1826 contrahatur,
1023 1785 1079 1815 sed
1100 1785 1154 1815 lex
1174 1784 1364 1816 contractui
1383 1794 1446 1815 non
1469 1785 1660 1826 improbata

238 1829 380 1859 dicatur.

329 1885 356 1904 c.
388 1874 424 1906 12
443 1889 486 1899 =
504 1874 579 1915 Dt'g:
614 1875 663 1916 18,
690 1875 720 1914 6,
750 1876 800 1914 19,
830 1875 859 1906 1.
890 1874 1093 1917 Papinianus
1119 1874 1200 1907 LIII
1226 1885 1314 1917 resp.
1357 1875 1445 1907 Ante
1464 1894 1506 1897 —
1526 1880 1660 1917 emptor

240 1919 374 1951 soluere
399 1930 460 1950 non
488 1925 638 1959 cogetur,
665 1920 731 1951 nisi
756 1920 972 1952 fideiussores
1000 1921 1110 1952 idonei
1137 1931 1154 1952 a
1182 1921 1358 1952 uenditore
1385 1921 1456 1952 eius
1474 1921 1658 1952 euictionis

242 1965 424 1996 offerantur
448 1963 504 1996 rel.
538 1975 602 1997 om.
658 1968 829 1998 ramatum
857 1976 928 1997 esse
959 1967 994 1996 in
1021 1967 1231 1997 contrarium
1257 1976 1278 1996 α
1302 1966 1506 1998 Iustiniani-s·
1529 1965 1659 1997 iudicat

239 2009 340 2041 Lenel
365 2009 512 2052 (pulinga
538 2012 619 2047 Pap.
647 2012 804 2053 svn-178)
829 2011 946 2042 collata
970 2013 1203 2043 constitutione
1229 2010 1303 2042 Cod.
1322 2011 1406 2043 Iasi.
1425 2011 1456 2052 8,
1474 2012 1528 2051 44,
1546 2011 1589 2042 24
1603 2020 1658 2054 pr.

332 2067 358 2085 e.
390 2055 438 2086 13.
464 2057 517 2097 Cf.
536 2055 613 2097 Dt'g:
635 2058 686 2097 19,
709 2058 734 2097 1,
763 2057 804 2088 49
827 2067 879 2099 pr.
906 2057 1193 2097 Hermogenianus
1219 2056 1287 2088 1.ss
1312 2057 1399 2088 iuris
1425 2057 1657 2098 epitomarum.

243 2100 304 2141 Qui
346 2111 403 2141 per
443 2101 664 2133 collusionem
704 2102 939 2143 imaginarium
977 2102 1129 2133 colonum
1167 2102 1455 2134 circumueniendi
1495 2102 1657 2143 emptoris

241 2156 338 2177 causa
367 2147 552 2187 supposuit,
579 2156 617 2177 ex
646 2152 755 2189 empto
781 2153 928 2188 tenetur,
955 2158 1015 2179 nec
1040 2147 1244 2187 defenditur,
1277 2148 1319 2188 si,
1345 2158 1407 2189 quo
1433 2146 1571 2179 facilius
1598 2158 1659 2179 ex-

241 2192 387 2231 cogitata
426 2191 517 2223 fraus
556 2193 760 2233 occultetur,
797 2194 950 2225 colonum
989 2198 1023 2224 et
1047 2193 1266 2235 quinquennii
1299 2193 1476 2235 pensiones
1503 2193 1532 2223 in
1560 2193 1657 2224 fidem

240 2247 330 2268 suam
356 2236 510 2278 recipiat.

332 2345 345 2376 1
368 2345 558 2376 contractui
583 2345 676 2387 Dig„
710 2351 905 2378 contractus
926 2346 968 2378 V.
1004 2344 1014 2388 Η
1050 2345 1068 2376 2
1095 2345 1233 2377 maximi
1252 2345 1300 2384 V3
1334 2345 1514 2377 emendam·
1537 2356 1609 2387 ego.
1637 2343 1654 2387 ΙΙ

240 2389 257 2419 3
287 2400 356 2421 cum
394 2400 500 2433 supra
538 2400 672 2422 uersum
713 2391 757 2429 V,
795 2391 958 2423 sicilicum
987 2394 1065 2434 post
1097 2401 1113 2421 c
1144 2401 1208 2422 non
1239 2391 1331 2423 uidit
1366 2390 1468 2431 Beth,
1506 2393 1659 2434 repperit

238 2433 401 2477 Iirzceger.
443 2434 453 2477 Η
495 2436 515 2466 4
540 2437 727 2477 possidere]
747 2436 795 2468 V2
808 2438 837 2475 d,
864 2443 940 2479 pata
967 2437 1137 2479 possidere
1156 2436 1209 2468 Vl
1225 2434 1253 2476 d,
1279 2436 1461 2478 anticipata
1483 2436 1657 2478 possidere

242 2479 302 2511 Vm
343 2480 353 2522 Η
393 2482 410 2510 ἵ)
438 2491 517 2512 usus
544 2483 637 2523 capio
656 2482 697 2513 V.
733 2480 743 2523 Ι]
774 2482 793 2513 6
817 2482 856 2513 id
877 2485 927 2514 est
946 2482 1093 2513 dominii.
1127 2483 1140 2522 Η
1173 2483 1190 2513 7
1210 2483 1417 2514 contrarium
1436 2482 1595 2513 iudicium
1612 2499 1657 2504 —

240 2526 349 2565 pretio
382 2527 545 2568 mancipio
579 2528 733 2558 redditur
750 2528 798 2567 V3
836 2528 995 2569 mancipii
1032 2534 1094 2559 em.
1133 2527 1260 2566 Maius,
1297 2527 1453 2569 mancipii
1491 2527 1656 2558 redditum

239 2569 409 2611 Bo'elrt‘113·3
436 2573 652 2612 contrarium,
678 2574 763 2613 quod
790 2574 947 2605 iudicium
974 2592 1016 2595 —
1045 2573 1211 2614 mancipio
1238 2573 1389 2612 reddito,
1427 2573 1503 2614 quia
1538 2573 1656 2614 displi-

241 2616 377 2654 cuisset,
414 2617 612 2658 proponitur
650 2628 693 2649 ex
730 2620 816 2649 com'.
849 2617 945 2650 Nieb.
979 2619 1087 2651 Haub.
1122 2617 1252 2649 h'lenzii
1279 2617 1501 2659 Hollweg·ins;
1537 2618 1659 2659 quibus

240 2662 439 2692 conlectio-is
463 2672 545 2692 usus
575 2665 626 2693 ita
650 2665 689 2694 ut
712 2663 844 2704 factum
869 2667 918 2695 est
943 2664 1051 2696 Iocum
1079 2663 1246 2696 ordinant.
1289 2662 1300 2706 Η
1342 2663 1361 2694 8
1387 2664 1494 2704 legem
1511 2663 1553 2695 V

1724 258 1775 285 RE
1778 258 1832 286 SP.
1838 262 1840 269 ⁸
