1828 3011
249 149 439 177 connum
458 140 491 181 4,
513 152 590 177 2—3.
729 164 845 168 ——
910 140 992 180 150
1054 163 1169 167 ——-

252 257 325 296 filia
347 257 413 308 qui
429 257 646 296 adulterum
670 257 954 307 deprehensum
978 255 1161 294 occiderit
1182 260 1220 293 et
1234 254 1273 293 in
1291 254 1505 294 continenti
1521 254 1651 300 filiam,

251 313 355 352 licito
386 314 469 352 iure
491 314 562 352 hoc
582 314 727 352 facturn
751 312 950 351 Marcellus
971 311 1069 349 libro
1090 310 1223 349 XXXI.
1248 311 1483 361 digestorum
1506 311 1651 350 scribit.

109 373 142 411 4,
168 383 193 413 2,
212 383 228 407 5
253 369 480 409 auctoritate
510 382 664 420 quoque
696 369 810 419 [legis]
844 373 991 419 patrem
1024 379 1137 418 posse
1166 366 1382 405 interficere
1413 367 1475 406 uel
1510 379 1654 406 consu-

249 427 366 465 larem
400 426 528 465 uirum
562 426 623 464 uel
652 431 857 477 patronum
891 436 1019 468 suum,
1050 424 1094 472 [si
1126 423 1227 471 eum]
1260 423 1298 461 in
1329 423 1403 462 filia
1434 423 1653 462 adulterum

214 482 560 534 ssdeprehenderit‚
600 482 733 520 eodem
766 480 863 519 libro
895 479 1096 518 Marcellus
1127 479 1275 530 probat.
1350 479 1416 518 sed
1457 480 1489 518 si
1534 480 1652 518 filiam

214 550 228 576 ⁷
249 551 327 578 non
358 538 605 584 interfecerit,
638 537 702 576 sed
735 537 860 575 solum
891 536 1124 579 adulterum,
1156 535 1354 573 homicidii
1384 547 1474 574 reus
1495 543 1565 574 est.
1617 542 1655 574 et

249 596 280 635 si
312 595 515 634 interuallo
546 594 661 632 filiam
693 592 943 634 interfecerit,
991 592 1218 630 tantundem
1250 598 1320 638 est,
1365 592 1442 630 nisi
1471 604 1654 643 persecu-

249 658 312 691 tus
361 651 465 690 illam
520 649 774 688 interfecerit:
836 648 1128 687 continuatione
1174 647 1278 686 enim
1329 648 1448 686 animi
1502 648 1655 687 uidetur

247 707 341 758 legis
372 706 600 746 auctoritate
633 705 782 744 fecisse.

108 770 140 811 4,
167 781 191 810 3,
210 781 225 805 1
305 764 411 802 Idem
443 775 582 801 mvnvs
614 762 747 800 eodem
781 760 965 811 singulari
996 760 1092 798 libro
1124 765 1161 798 et
1192 760 1324 799 titulo:

361 819 494 858 Certae
539 824 669 856 autem
715 822 994 856 enumerantur
1038 829 1236 867 personae,
1283 829 1378 867 quas
1424 815 1509 854 uiro
1546 815 1658 855 ilceat

249 875 423 915 occidere
452 875 493 913 in
523 874 713 913 adulterio
745 873 981 925 deprehensa
1012 885 1143 919 uxore,
1176 873 1356 923 quamuis
1388 884 1546 911 uxorem
1578 883 1657 911 non

212 932 371 971 zliceat.
446 943 536 982 ergo
582 930 797 969 secundum
840 930 941 980 leges
988 929 1072 968 uiro
1118 929 1234 968 etiam
1280 928 1522 967 filiofamilias
1566 941 1657 980 per-

247 989 416 1027 mittitur
446 987 551 1026 domi
583 1000 673 1026 suae
697 987 981 1038 deprehensum
1004 986 1223 1024 adulterum
1245 985 1461 1024 interficere
1484 996 1656 1032 seruum,

247 1050 285 1084 et
314 1057 403 1083 eum
436 1044 502 1095 qui
532 1048 824 1082 auctoramento
866 1050 1023 1093 rogatus
1054 1048 1113 1081 est
1143 1043 1189 1081 ad
1221 1042 1401 1093 gladium,
1449 1041 1509 1080 uel
1540 1041 1656 1080 etiam

212 1101 357 1140 sillum
388 1101 454 1152 qui
484 1112 620 1152 operas
653 1112 752 1146 suas,
785 1105 828 1138 ut
859 1111 947 1138 cum
980 1099 1112 1137 bestiis
1144 1105 1346 1150 pugnaret,
1377 1098 1530 1136 locauit.
1592 1097 1658 1136 sed

246 1163 284 1196 et
328 1157 470 1196 iudicio
514 1156 668 1208 publico
715 1156 939 1194 damnatum
991 1155 1079 1194 licet
1123 1155 1341 1194 interficere
1385 1154 1424 1192 in
1470 1153 1658 1193 adulterio

248 1214 546 1265 deprehensum,
578 1213 641 1251 uel
671 1212 893 1251 libertinum
927 1212 989 1250 uel
1019 1224 1134 1251 suum
1167 1211 1229 1250 uel
1259 1217 1478 1262 paternum,
1511 1216 1549 1248 et
1578 1215 1658 1249 tam

213 1270 371 1309 4ciuem
405 1270 625 1308 Romanum
667 1281 782 1320 quam
816 1268 1009 1307 Latinum.
1070 1268 1135 1306 sed
1168 1274 1205 1307 et
1235 1267 1356 1319 patris
1387 1274 1425 1306 et
1457 1266 1591 1306 matris
1621 1272 1660 1305 et

247 1326 314 1365 filii
352 1333 390 1365 et
420 1326 516 1365 [iIIae
548 1326 730 1364 libertum
763 1324 1004 1376 permittitur
1035 1325 1218 1370 occidere,
1260 1337 1337 1375 quo
1367 1323 1451 1362 loco
1483 1328 1520 1362 et
1551 1323 1659 1361 dedi-

211 1400 228 1424 5
248 1382 362 1421 ticius
394 1383 569 1420 habetur.
630 1381 743 1420 debet
772 1386 901 1420 autem
933 1380 1106 1432 profiteri
1137 1381 1238 1431 apud
1270 1392 1372 1426 eum,
1413 1380 1522 1418 cuius
1543 1379 1661 1418 iuris-

249 1439 365 1477 dictio
396 1443 455 1477 est
483 1451 527 1476 eo
559 1438 656 1482 loco,
688 1437 755 1476 ubi
786 1437 935 1483 occidit,
967 1442 1005 1475 et
1037 1449 1198 1475 uxorem
1229 1436 1436 1474 dimittere.
1494 1435 1596 1487 quod
1629 1435 1662 1474 si

214 1514 228 1539 g
249 1507 326 1534 non
357 1494 504 1540 fecerit,
536 1493 683 1545 inpune
713 1506 791 1532 non
822 1492 1017 1532 interficit.
1065 1492 1265 1531 sciendum
1294 1497 1352 1530 est
1372 1498 1502 1530 autem
1525 1492 1660 1531 diuum

250 1608 926 1616 -maemmvmmmmmmwmv
929 1612 933 1613 .
937 1606 1169 1614 :ramam-uve„—

332 1688 345 1719 1
373 1686 440 1728 qui]
459 1686 487 1717 si
503 1685 593 1718 VW.
614 1684 624 1728 Η
645 1685 663 1716 2
682 1684 878 1717 marcellum
892 1684 919 1716 Β
937 1683 1048 1724 (ind).
1067 1682 1077 1725 Η
1097 1684 1185 1715 liber
1202 1681 1257 1715 W.
1277 1681 1288 1725 Η
1306 1693 1377 1714 xxx
1395 1682 1471 1714 inde
1488 1687 1661 1723 gestorum

249 1731 288 1764 V.
321 1731 332 1774 Η
364 1731 494 1770 scribit]
526 1730 636 1762 scribe
661 1730 689 1762 B
713 1729 824 1769 (inab),
849 1729 976 1762 scribet
1000 1734 1111 1760 autem
1136 1729 1174 1760 de
1194 1727 1241 1760 V.
1262 1727 1272 1769 Η
1297 1728 1315 1759 3
1341 1729 1577 1760 auctoritatem
1604 1727 1658 1760 W.

249 1776 258 1818 Η
302 1777 388 1816 legis
414 1775 543 1808 addidit
571 1775 728 1807 Caz‘acz'as
753 1776 814 1817 (cf.
840 1785 873 1806 u.
902 1776 946 1814 9).
1000 1773 1010 1816 Η
1062 1775 1202 1816 patrem]
1231 1779 1325 1816 pater
1350 1773 1435 1806 libri.
1489 1772 1500 1814 Η
1553 1773 1662 1815 possit

248 1820 304 1854 W.
346 1821 356 1864 Η
392 1821 604 1871 {Eterticeret
635 1821 673 1853 B.
715 1819 726 1863 Η
768 1820 858 1853 coffi.
883 1829 998 1852 uerum
1026 1819 1064 1859 B,
1090 1819 1184 1851 consl
1213 1818 1417 1857 (consultum
1448 1816 1525 1859 JVb)
1551 1823 1663 1850 utrum

249 1878 304 1918 W,
331 1883 454 1910 consst.
485 1878 591 1909 uirum
618 1877 659 1910 V.
695 1876 705 1919 Η
738 1878 759 1908 4
784 1877 841 1909 uel
871 1877 1056 1917 patronum]
1089 1881 1122 1907 et
1147 1881 1322 1918 patronem
1349 1874 1405 1908 W.
1458 1875 1469 1919 Η
1522 1875 1552 1907 si
1577 1875 1660 1915 eum]

245 1923 405 1963 Huschke,
433 1934 496 1954 om.
522 1923 610 1954 llbrz'.
653 1921 664 1965 Η
706 1922 807 1954 filiam
834 1920 922 1954 BW.
963 1920 974 1963 Η
1014 1922 1219 1954 adulterium
1246 1921 1331 1953 [ibri.
1375 1920 1386 1962 Η
1426 1921 1445 1952 ὃ
1472 1922 1530 1953 sed
1555 1921 1662 1952 solum

245 1970 296 2001 ad.
322 1970 351 2000 h.
377 1980 405 2000 r.
432 1974 482 2000 est
512 1972 547 2000 et
577 1968 606 1999 si
632 1968 704 2007 (sed
729 1977 789 2010 pro
815 1972 847 1999 et
873 1968 902 1999 si
926 1967 969 2006 B)
1000 1967 1183 1998 interuallo
1210 1966 1310 2005 (dum
1335 1966 1376 2006 B)
1402 1965 1423 1998 f.
1450 1964 1664 1997 interfecerit

245 2014 389 2054 (-ficerit
415 2013 493 2053 BV)
524 2023 587 2044 om.
616 2012 671 2045 W.
714 2011 725 2054 Η
767 2013 784 2043 7
810 2013 1002 2044 tantundem
1035 2013 1210 2051 (tantuude
1237 2011 1274 2051 B,
1311 2012 1443 2043 tandem
1462 2010 1529 2051 W)
1555 2015 1607 2042 est
1632 2021 1660 2042 n.

246 2064 442 2101 persecutus
461 2059 552 2089 illam
570 2057 748 2097 (Huschke,
774 2063 995 2100 persequatur
1014 2058 1105 2088 illam
1124 2057 1163 2096 B,
1182 2061 1402 2099 persequatur
1419 2056 1512 2088 illam
1530 2060 1564 2087 et
1583 2055 1661 2091 W).

246 2103 462 2136 interfecerit
504 2114 568 2134 om.
607 2103 650 2135 V.
711 2102 721 2144 Η
781 2103 1068 2134 continuationem
1106 2101 1194 2134 libri.
1247 2100 1258 2143 Η
1311 2103 1330 2134 9
1371 2101 1584 2133 auctoritatis
1622 2100 1662 2138 B,

247 2150 357 2181 auctis
377 2147 469 2181 VW.
502 2149 516 2188 11
549 2148 687 2180 fecisset
703 2149 740 2180 B.
776 2147 786 2190 Η
824 2149 863 2181 10
889 2148 975 2179 idem
1001 2172 1008 2178 .
1028 2173 1034 2179 .
1055 2172 1061 2178 .
1088 2147 1189 2179 titulo
1208 2157 1273 2178 om.
1293 2146 1333 2179 V.
1368 2145 1379 2188 Η
1415 2147 1451 2178 11
1471 2156 1550 2177 uero
1570 2144 1660 2178 BW.

250 2193 260 2236 Η
306 2194 342 2226 12
369 2194 619 2235 {deprehensam
648 2203 786 2225 uxorem
813 2193 898 2225 libri.
941 2193 951 2234 Η
997 2194 1034 2226 13
1061 2203 1121 2233 ego
1149 2191 1241 2225 VW.
1283 2192 1294 2234 Η
1336 2192 1442 2231 legem
1467 2190 1604 2223 malim.
1648 2190 1658 2233 Η

246 2249 328 2271 uero
347 2239 386 2277 Β..
416 2239 524 2270 uirum
547 2238 603 2271 W.
651 2237 661 2280 Η
709 2239 750 2270 14
775 2239 873 2278 domi]
905 2238 1061 2276 Huschke,
1088 2238 1186 2269 etiam
1214 2237 1301 2269 domi
1335 2237 1459 2276 (domui
1479 2235 1545 2274 ll')
1572 2235 1661 2268 libri.

251 2284 259 2322 Η
297 2285 336 2316 15
363 2296 401 2317 eo
428 2284 470 2316 V.
506 2282 516 2326 Η
549 2289 835 2315 auctoramentum
861 2283 917 2324 11⁷,
944 2288 1171 2315 actm-amento
1199 2282 1241 2314 V.
1276 2281 1286 2323 Η
1321 2286 1472 2321 rogatum
1492 2279 1548 2313 W.
1578 2281 1589 2322 Η
1623 2283 1661 2314 16

247 2332 297 2369 ut]
323 2336 401 2361 sunt
420 2329 476 2363 W.
511 2328 521 2371 Η
556 2329 680 2360 besteis
701 2329 744 2368 V,
771 2329 897 2360 bestias
924 2327 979 2360 lli
1016 2326 1026 2370 Η
1060 2338 1207 2370 pugnare
1234 2328 1290 2360 ll'.
1325 2330 1337 2367 Η
1374 2327 1410 2359 17
1439 2326 1544 2358 licere
1570 2325 1662 2359 libri.

250 2374 260 2417 Η
294 2375 486 2407 interficere
512 2385 576 2406 om.
604 2374 646 2406 V.
689 2372 699 2416 Η
744 2374 781 2406 18
809 2375 1014 2415 deprehenso
1043 2373 1085 2405 V.
1126 2374 1139 2413 Η
1178 2374 1315 2411 ettam]
1341 2372 1441 2404 etiam
1468 2370 1524 2403 [Γ.
1567 2370 1578 2413 Η
1623 2372 1662 2404 19

247 2421 320 2452 ciue
340 2419 379 2452 V.
412 2419 422 2462 Η
453 2431 587 2451 romano
607 2417 686 2451 lVa,
718 2417 728 2459 Η
759 2419 892 2450 litinum
914 2418 954 2451 l'.
987 2418 996 2460 Η
1028 2419 1085 2450 sed
1112 2423 1145 2449 et
1170 2418 1274 2460 patris
1292 2422 1326 2448 et
1343 2417 1459 2448 matris
1478 2418 1527 2455 (et
1544 2418 1663 2449 matris

248 2466 298 2497 bis
318 2465 383 2505 Va)
411 2471 443 2497 et
468 2466 532 2496 filii
558 2465 655 2504 (filiis
675 2463 779 2504 VW)
806 2469 838 2495 et
863 2463 885 2495 f.
911 2464 932 2494 l.
954 2475 981 2505 p.
1002 2464 1155 2494 occidere
1181 2461 1367 2494 collocanda
1391 2464 1465 2504 post
1490 2466 1664 2503 paternum

248 2512 341 2548 (nam
365 2510 574 2553 iungendum
598 2511 740 2547 omnino,
771 2512 810 2540 ut
834 2508 922 2540 uidit
948 2502 1147 2545 Husclzlrius,
1179 2512 1213 2539 et
1237 2513 1328 2539 tam.
1349 2532 1354 2537 .
1376 2531 1382 2537 .
1404 2506 1573 2539 Latinum:
1600 2518 1662 2549 quo

248 2556 321 2587 loeo
337 2580 344 2587 .
361 2580 367 2587 .
387 2557 542 2595 habetur)
566 2566 612 2587 ex·
635 2554 849 2587 adnotatione
872 2554 917 2585 ad
937 2553 1083 2586 Paulum.
1106 2552 1277 2595 adscripta
1302 2551 1461 2583 uidentur
1483 2553 1662 2594 proficisci.

253 2600 265 2641 Η
299 2601 340 2631 21)
367 2601 512 2632 deditius
531 2600 568 2640 B,
595 2600 793 2641 dempticius
813 2598 868 2631 W.
905 2598 915 2641 Η
950 2600 986 2631 21
1017 2599 1198 2630 haberetur
1223 2598 1259 2629 B.
1294 2597 1303 2638 Η
1338 2597 1424 2628 iuris
1449 2597 1586 2630 ditionis
1607 2597 1662 2630 11⁷.

251 2645 262 2686 Η
301 2646 341 2676 22
370 2646 477 2677 occidi
497 2646 552 2678 ll'.
595 2644 604 2686 Η
647 2647 693 2684 et]
720 2655 757 2677 ex
784 2645 840 2676 Ba.
884 2643 893 2684 Η
936 2644 1120 2675 dimitteret
1149 2642 1187 2674 B.
1228 2642 1237 2682 Η
1280 2642 1376 2683 quod]
1403 2652 1465 2683 qua
1485 2641 1541 2675 JV.
1577 2642 1587 2685 Η
1621 2642 1662 2674 23

249 2690 421 2722 interfecit
446 2690 607 2733 Scaliger.
651 2691 661 2732 Η
702 2690 826 2729 diuum]
853 2690 925 2720 dum
953 2689 998 2730 l‘,
1024 2689 1107 2731 quod
1136 2685 1195 2720 W:
1222 2687 1336 2718 malim
1365 2687 1471 2718 diuos.

1684 763 1726 798 10

1686 1045 1727 1079 15
