1855 2957
252 106 338 132 vAT.
360 106 418 132 PR.
438 107 586 133 177—183.
750 122 866 124 —
930 96 983 136 62
1045 119 1161 123 -—-
1613 101 1664 127 DE

254 222 529 254 ueteranorum
568 220 698 253 autem
749 214 918 253 filiorum
964 212 1086 252 tutelis
1115 214 1189 256 ita,
1234 219 1275 250 ut
1309 224 1388 250 non
1427 212 1511 262 plus
1547 223 1665 249 unam
1680 220 1764 247 VLP.
1784 222 1818 249 L.

253 275 436 323 suscipere
482 279 675 323 cogantur.
705 268 708 322 Ι
736 271 803 309 sed
840 277 972 309 utrum
1006 268 1124 307 simul
1168 280 1247 306 non
1288 269 1376 319 plus
1412 280 1530 307 unam
1565 270 1663 306 eius-
1702 256 1830 321 ⁰¹31*vass

254 329 359 368 modi
392 328 546 368 tutelam
582 331 767 378 suscipere
805 327 960 366 debeant
997 338 1047 364 on
1077 325 1243 377 sufficiat
1277 324 1389 364 semel
1418 326 1618 374 suscepisse
1656 325 1660 371 Ι

254 397 393 431 unam,
441 385 596 423 tractari
640 390 780 435 potest.
846 390 938 434 puto
975 389 1100 421 tamen
1135 388 1276 431 yeslam-
1312 381 1464 420 tutelam
1504 384 1554 420 eis
1590 392 1665 418 non

250 443 500 493 profuturam
531 448 565 479 et
593 444 646 479 ita
673 440 677 490 Ι
704 440 837 479 inueni
868 438 1100 489 rescriptum
1120 438 1144 475 ¹.
1170 462 1212 476 ω

138 498 229 532 1773
254 499 357 537 Item.
418 497 525 537 Missi
552 500 627 536 nisi
659 497 809 536 honesta
838 498 1010 534 missione
1053 506 1130 533 non
1170 494 1420 545 eoc'cusantur
1459 500 1497 531 et
1532 493 1584 531 ita
1622 493 1668 531 de

252 556 495 606 ignominiose
541 555 700 592 dimissis
736 556 985 603 imperatores
1015 573 1069 578 —
1091 552 1156 600 (40)
1177 574 1232 577 —
1259 549 1264 602 Ι
1291 550 1369 588 riae
1402 549 1566 588 Sabinae
1604 562 1667 588 re-

253 612 492 663 scripserunt
512 633 567 636 ——
588 610 656 660 (⁴0)
677 632 731 637 —-
759 608 763 660 Ι
791 615 1084 647 exauctoratum
1113 620 1132 645 e
1153 629 1207 634 —
1229 606 1296 657 (40)
1320 629 1426 645 -Ν
1460 605 1464 658 Ι
1511 606 1568 644 Ab
1600 618 1667 644 ur-

252 669 348 707 bicis
379 669 504 719 plan[e
537 666 667 704 tutelis
698 665 1000 711 excusabuntur,
1032 665 1122 715 quia
1153 663 1302 712 ingredi
1334 664 1388 701 eis
1420 663 1555 701 urbem
1587 675 1667 701 non

252 725 365 773 licet.]
425 724 490 762 sed
524 723 594 761 etsi
626 734 705 760 non
737 722 816 760 sint
846 721 1064 772 perfuncti2
1096 722 1298 771 stipendiis,
1331 728 1457 760 tanzen
1488 722 1554 771 qui
1586 726 1670 770 post

255 794 399 820 amium
428 783 647 830 uiqesimum
680 781 783 818 missi
810 785 907 823 sunt,
939 778 943 830 Ι
970 778 1002 816 si
1025 777 1248 816 missionem
1272 789 1351 815 non
1384 777 1668 826 ignominiosam

254 843 486 888 acceperunt,
519 835 788 875 excusantur?
813 859 856 875 Ν
890 837 894 885 Ι

164 905 227 940 178
259 896 368 933 Item.
421 893 494 931 Sed
527 893 784 943 primipilares
814 894 883 931 etsi
911 904 934 930 α
971 891 1124 942 reliquis
1157 890 1280 929 tutelis
1322 891 1511 928 uniuersis
1551 900 1666 927 excu—

252 958 400 995 santur,
423 947 439 1003 ΙΙ
462 958 587 989 tumen
617 952 689 1000 ipsi
715 949 804 1001 siliis
824 951 900 987 suis
919 955 1016 987 recte
1038 955 1198 987 tutorem
1218 946 1496 998 primipilarem
1522 945 1669 984 dabunt

259 1036 260 1057 Ι
305 1031 359 1034 —
412 1008 475 1054 (40)
521 1029 577 1033 ——
620 1006 745 1056 legare
789 1018 956 1056 quoque.
1003 1005 1086 1056 ipse
1131 1016 1284 1054 quoque
1334 1004 1374 1041 in
1420 1003 1547 1040 locum
1584 1015 1669 1053 Ι-

256 1065 322 1111 oo>
341 1086 392 1090 —
419 1087 460 1102 f»
488 1063 490 1113 j

163 1132 226 1166 179
256 1121 360 1160 Item.
423 1119 607 1158 Sacerdos
651 1119 699 1158 ad
745 1126 887 1169 tempus
932 1118 1080 1169 factus4
1128 1119 1196 1156 etsi
1238 1123 1443 1155 excusatur
1475 1115 1564 1154 dum
1607 1127 1669 1153 sa-

252 1177 423 1216 cerdotio
468 1175 661 1226 fungitur,
697 1174 854 1227 {tamen
896 1182 1092 1226 postquam
1129 1174 1168 1212 id
1207 1174 1391 1224 deposuit,
1429 1171 1669 1223 priuilegium

251 1235 412 1286 amplius
447 1245 523 1271 non
559 1233 665 1271 habet
711 1240 744 1271 et
778 1233 853 1271 ita⁵
891 1232 1079 1282 rescripto
1123 1230 1203 1269 diui
1241 1229 1300 1268 Pii
1340 1229 1557 1268 declaratur
1584 1234 1588 1280 Ι
1617 1251 1668 1255 —

249 1291 374 1341 (ω)-
391 1314 432 1329 w
467 1289 471 1341 ι

161 1350 226 1384 180
252 1348 354 1387 Item.
385 1370 440 1373 —-—
462 1346 528 1396 (40)
551 1368 604 1372 —
635 1347 807 1396 quisunt
827 1344 866 1383 in
889 1343 1194 1395 primipilaribus
1221 1342 1226 1395 Ι
1253 1366 1307 1370 -
1328 1342 1396 1393 (4ο)
1418 1365 1471 1370 -—
1493 1341 1668 1392 eoeemplo

252 1411 526 1443 ueteranorum
556 1411 559 1453 Ι
587 1409 830 1440 evomantur.
855 1425 896 1440 Γ»
932 1400 938 1454 Ι

160 1464 219 1496 181
250 1483 303 1487 —
326 1461 392 1510 (40)
414 1482 468 1487 --
499 1472 510 1497 1
543 1464 714 1497 ueterem
751 1470 861 1496 suam
894 1469 982 1508 emp
1009 1456 1014 1508 Ι
1042 1479 1097 1483 —
1118 1456 1184 1506 (⁴0)
1206 1479 1261 1483 —
1281 1454 1478 1494 sestertia6
1511 1461 1667 1493 centum

250 1517 370 1567 milia
389 1539 443 1542 fl
461 1517 525 1564 (40)
544 1537 598 1542 -—
615 1522 918 1553 consummatam
937 1526 1020 1552 eam
1041 1525 1117 1551 nan
1146 1511 1150 1565 Ι
1177 1535 1231 1539 —
1249 1513 1314 1562 (40)
1332 1535 1384 1539 —
1409 1535 1450 1550 κ»
1485 1510 1490 1562 Ι

162 1575 225 1609 182
253 1597 306 1602 -
329 1572 396 1624 (⁴0)
418 1595 472 1599 ——
497 1572 619 1618 [lucit3
653 1583 743 1609 nam
776 1571 904 1609 minor
935 1570 1085 1621 uiginti
1113 1572 1276 1621 quinque
1311 1571 1424 1608 annis
1445 1591 1498 1595 ——
1521 1567 1588 1618 (40)
1615 1590 1670 1594 -——

250 1644 274 1669 a
305 1629 419 1669 tutela
451 1635 687 1667 excusantur
725 1634 768 1667 ut
810 1627 814 1680 Ι
850 1650 904 1655 -
936 1628 1002 1678 (4ο)
1040 1649 1093 1654 —
1131 1640 1152 1664 o
1191 1627 1299 1665 daret
1338 1626 1507 1664 minores
1538 1623 1639 1662 XXV

253 1690 362 1726 annis
388 1711 442 1715 —
465 1686 530 1735 (40)
554 1708 607 1712 —
632 1709 673 1724 Ν
709 1683 713 1737 Ι

163 1749 227 1782 183
254 1744 358 1783 Item.
391 1765 444 1770 ——
468 1745 532 1789 (⁴0)
554 1764 610 1768 —
633 1744 695 1780 cui
724 1741 812 1780 data
843 1747 897 1780 est
917 1753 937 1779 a
959 1739 1156 1792 principe⁷
1181 1739 1425 1789 negotiorum
1455 1736 1459 1788 Ι
1485 1737 1672 1790 fiscalium

252 1801 539 1842 administratio,
571 1799 751 1849 quamdiu
783 1798 1035 1840 administrat,
1069 1808 1183 1834 onera
1217 1796 1424 1834 tutelarum
1453 1793 1458 1847 Ι
1484 1797 1672 1845 suscipere

252 1869 327 1896 non
359 1858 512 1906 σοφίην,
545 1867 591 1894 ne
618 1854 789 1906 publicae
818 1858 877 1894 rei
909 1854 1054 1893 utilitas
1089 1855 1335 1904 priuatorum
1375 1851 1556 1890 iniuriam
1599 1851 1670 1890 ad-

252 1913 386 1952 feram
417 1911 420 1964 Ι

252 2029 400 2065 ψονται·
433 2017 510 2051 ἀλλ’
538 2017 658 2066 ὥσπερ
683 2020 744 2053 ἐπὶ
769 2019 840 2052 τῶν
866 2017 1020 2051 ἰδιωτῶν
1045 2018 1082 2050 αἱ
1107 2027 1339 2060 παυσαμειάι
1366 2013 1408 2048 οὐ
1425 2010 1670 2058 βοηθήσουσι-ν

252 2070 326 2104 τοῖς
349 2062 521 2109 ἐσχηκόσι
548 2061 629 2099 οὐδὲ
655 2067 704 2102 εἰς
727 2062 789 2101 τὰς
812 2066 903 2108 τρεῖς
930 2064 1157 2107 ψηφίζονται,
1185 2061 1297 2098 οὕτως
1313 2064 1373 2095 καὶ
1391 2061 1539 2095 ἐπὶτῶν
1556 2059 1669 2093 πάλαι

253 2113 480 2156 στρατιωτῶν
522 2109 588 2143 οὐκ
624 2109 756 2154 ὠφελεῖ
788 2107 828 2142 τὸ
863 2110 1094 2154 γεγενῆσθαι.
1145 2109 1233 2141 Vide
1264 2111 1445 2152 praeterea
1482 2106 1558 2139 Cod.
1584 2106 1667 2138 lust.

253 2160 284 2201 5,
311 2161 364 2201 cs,
390 2158 420 2189 2.

347 2216 374 2237 c.
398 2204 457 2235 177
471 2215 502 2235 α.
529 2202 575 2245 ef.
601 2201 682 2245 Digu
716 2201 770 2242 27,
803 2203 832 2240 1,
861 2202 892 2241 8,
917 2202 947 2233 9.
975 2200 1186 2232 Modestinus
1212 2199 1299 2231 libro
1325 2197 1367 2230 Ill
1403 2198 1667 2230 excusationum.

257 2245 396 2293 Γράφει
421 2248 457 2281 δὲ
480 2250 540 2281 καὶ
560 2244 768 2283 Οὐλπιανὸς
793 2244 918 2282 οὕτως-ε
950 2247 1009 2279 sed
1034 2245 1215 2286 ignominia
1241 2245 1334 2276 missi
1360 2243 1400 2275 ab
1428 2243 1554 2275 urbicis
1571 2243 1669 2285 plane

255 2296 376 2328 tutelis
402 2295 664 2335 excusabuntur,
689 2293 764 2335 quia
789 2292 922 2333 ingredi
949 2293 999 2324 eis
1024 2292 1139 2323 urbem
1165 2301 1229 2322 non
1255 2291 1348 2322 licet.

349 2467 361 2497 1
391 2465 621 2508 supplementa
653 2475 681 2495 c.
702 2463 775 2504 177,
807 2464 885 2494 ilem
915 2473 997 2504 quae
1026 2464 1209 2503 sequuntur
1242 2470 1317 2492 mea
1350 2462 1441 2492 sunt.
1484 2457 1496 2502 ΙΙ
1543 2459 1561 2490 2
1594 2469 1668 2500 per-

256 2510 336 2542 lecti
364 2510 425 2543 Vm
450 2509 641 2552 compendio
665 2508 754 2541 male
776 2507 894 2540 soluto.
936 2507 947 2550 ΙΙ
989 2507 1008 2539 3
1034 2506 1185 2552 suppleat
1220 2506 1265 2538 ad
1295 2505 1373 2548 ch.
1400 2507 1453 2547 27,
1491 2507 1519 2546 1,
1546 2505 1578 2544 8,
1601 2503 1621 2535 2
1649 2501 1665 2546 ΙΙ

256 2558 275 2586 4
301 2558 349 2587 ita
365 2556 441 2597 fere
457 2555 607 2587 Huschke
622 2557 722 2587 recte.
757 2552 768 2596 ΙΙ
802 2554 819 2584 5
838 2564 856 2584 a
877 2565 943 2587 om.
962 2553 998 2586 V
1003 2560 1039 2584 Μ.
1065 2564 1092 2584 c.
1115 2553 1176 2584 179
1194 2551 1349 2595 suppleui
1363 2561 1434 2593 ego.
1454 2549 1470 2594 ΙΙ
1489 2552 1509 2582 6
1528 2550 1671 2582 estertia

256 2601 322 2632 ‘sic‘
348 2600 416 2641 Vd3
454 2602 601 2633 extertia
639 2600 717 2634 Vm.
760 2598 771 2642 ΙΙ
814 2600 832 2630 7
863 2599 1027 2642 principio
1055 2598 1139 2640 Vm,
1176 2597 1385 2641 improbante
1419 2594 1623 2638 Detlef'seno.
1650 2592 1667 2637 ΙΙ

257 2648 275 2677 δ
300 2646 459 2689 supplent
480 2657 564 2678 usus
581 2646 658 2689 Dig.
686 2646 740 2686 27,
768 2646 796 2686 1,
821 2646 862 2677 41
885 2655 951 2688 pr„
981 2644 1059 2678 Cod.
1077 2645 1160 2677 Just.
1190 2644 1221 2682 5,
1247 2644 1302 2683 62,
1331 2643 1383 2682 10,
1409 2641 1491 2674 Inst.
1511 2642 1541 2682 1,
1566 2641 1669 2680 25,1.
