1823 3016
69 450 109 484 15

68 908 109 941 16

68 1072 106 1104 17

622 128 738 132 —-.
801 104 884 145 263
948 129 1065 132 ᾐ-
1172 114 1369 140 APPENDIX
1392 105 1557 143 2‚14—17.

137 221 265 260 ‘edicti
304 221 618 262 inclamationem
651 235 741 262 eum
772 222 898 261 adhuc
927 222 972 261 ad
1014 222 1251 261 audientiam
1284 223 1417 261 uenire
1448 236 1557 262 com-

137 279 342 330 ‘pellimus,
384 279 435 317 ita
473 286 516 318 ut
554 280 585 318 si
626 280 729 319 inter
760 279 898 330 uiginti
929 286 967 318 et
998 285 1146 330 septem
1179 279 1260 318 dies
1292 280 1337 318 ad
1369 279 1554 318 iudicium

138 340 330 374 ‘nostrum
378 336 512 375 uenire
559 337 848 388 contempserit,
894 349 966 375 nos
1012 337 1220 375 aduersum
1260 348 1300 374 se
1341 337 1554 375 secundum

138 392 250 442 ‘leges
280 393 320 431 in
353 400 583 431 contumace
614 394 715 432 ferre
747 393 979 432 sententiam
1012 392 1286 443 recognoscat'.

251 448 306 486 Ex
344 461 506 501 corpore
538 450 647 489 Pauli
683 450 965 489 sententiarum
1013 450 1125 488 sceda
1171 450 1216 487 de
1261 448 1554 500 quaestionibus

136 504 176 543 in
206 505 349 544 familia
382 506 578 551 habendis,
610 513 677 545 aut
708 507 739 545 si
770 514 857 546 ante
886 506 1055 546 habitam
1077 506 1344 557 quaestionem
1365 506 1557 544 hereditas

136 562 220 600 eius
252 562 318 613 qui
350 562 492 602 dicitur
522 563 747 602 interfectus
777 564 878 602 adita
909 564 1037 602 fuerit.

250 619 450 658 Hereditas
489 633 508 658 a
546 620 637 659 fisco
680 628 723 659 ut
758 620 926 671 indignis
963 622 1139 659 aufertur
1169 612 1230 658 his
1262 619 1447 671 primum,
1480 619 1557 670 qui,

137 687 224 714 cum
260 683 439 728 suscepta
471 689 511 714 re
543 684 646 716 esset
678 679 888 723 testatoris,
919 678 1064 729 apertis
1088 677 1227 716 tabulis
1250 676 1475 715 testamenti
1498 676 1559 714 uel

135 731 182 770 ab
224 732 408 771 intestato
440 733 533 772 adiit
564 734 818 773 hereditatem
851 734 1095 773 honorumue
1127 734 1416 785 possessionem
1449 746 1559 772 acce-

135 788 211 840 pit:
245 790 410 840 amplius
442 790 500 829 his
529 797 567 829 et
588 798 744 829 centum
770 791 873 830 milia
905 792 1175 830 sestertiorum
1198 804 1322 842 poena
1345 792 1558 841 inrogatur.

135 857 207 884 nec
238 846 367 893 refert,
401 860 421 885 a
452 847 594 897 quibus
627 855 735 899 pater
765 848 929 887 familias
959 849 1021 887 uel
1042 848 1373 899 quemadmodum
1397 847 1558 886 dicatur.

195 902 349 942 Titulus
381 916 425 942 ex
456 916 618 955 corpore
651 917 728 955 quo
761 917 890 956 supra.

252 960 294 998 ln
327 973 480 999 summa
514 968 644 1000 tamen
676 961 878 1000 sciendum
912 968 950 1000 et
980 961 1026 999 de
1053 961 1110 1000 his
1135 961 1318 1000 omnibus
1340 960 1558 999 habendam

134 1029 220 1055 esse
242 1017 525 1067 quaestionem,
549 1018 616 1068 qui
638 1018 677 1056 in
701 1018 920 1069 suspicione
942 1030 1189 1069 quacumque
1210 1018 1360 1057 ratione
1383 1018 1558 1056 ueniunt.

192 1073 291 1112 Item
323 1074 395 1112 alia
427 1087 472 1112 ex
504 1087 664 1126 corpore
695 1074 793 1125 ipso.

247 1130 290 1168 In
330 1130 570 1181 disponenda
607 1143 743 1170 eorum
785 1130 1022 1182 quaestione,
1069 1143 1237 1182 quorum
1277 1130 1458 1169 dominus
1500 1130 1559 1168 di-

134 1186 235 1225 citur
279 1186 554 1238 interemptus,
603 1187 697 1226 haec
740 1189 833 1226 ordo
873 1194 1065 1233 seruatur,
1112 1188 1283 1239 primum
1325 1194 1368 1226 ut
1408 1193 1561 1226 constet

134 1243 308 1281 occisum
341 1244 556 1290 dominum,
591 1244 622 1283 si
644 1245 682 1284 id
702 1244 859 1296 liqueat,
891 1245 936 1283 de
959 1245 1102 1296 quibus
1125 1257 1168 1283 ea
1189 1244 1364 1295 quaestio
1385 1244 1559 1283 habenda

135 1303 183 1338 sit
205 1306 320 1350 atque
342 1300 394 1339 ita
417 1301 462 1339 de
485 1301 560 1340 reis
582 1301 840 1352 inquirendis.
874 1301 946 1340 etsi
967 1314 1175 1354 percussor
1197 1308 1326 1340 certus
1349 1302 1409 1347 sit,
1430 1307 1559 1340 tamen

135 1357 184 1395 de
220 1357 365 1395 familia
396 1357 571 1396 habenda
603 1358 779 1409 quaestio
813 1365 884 1405 est,
924 1366 968 1397 ut
998 1359 1125 1397 caedis
1157 1359 1363 1397 mandator
1393 1358 1560 1397 inueniri

133 1420 270 1464 possm

250 1470 415 1522 Explicit
446 1471 510 1509 lib.
543 1471 640 1510 iuris
672 1471 847 1510 feliciter.

225 1597 253 1617 c.
283 1587 322 1617 15
348 1587 425 1617 hinc
450 1589 527 1618 rest.
556 1587 652 1618 Paul.
680 1586 711 1626 3,
738 1588 768 1628 5,
798 1586 836 1620 12
847 1597 874 1618 a.

226 1642 252 1662 c.
283 1632 334 1663 16.
364 1632 404 1664 17
430 1632 506 1663 hinc
532 1635 612 1664 rest.
639 1631 737 1664 Paul.
766 1633 796 1672 3,
822 1632 852 1673 5,
883 1632 1025 1665 10—12.

131 1723 553 1733 ·stzzaeaeaeff22fffjslJJ>J)‹<
560 1726 671 1731 mm

227 1784 241 1815 1
271 1782 510 1815 inclamatione
529 1783 620 1823 BOa,
647 1784 874 1816 indamatione
892 1783 961 1816 PR.
1009 1783 1019 1826 ΙΙ
1069 1786 1155 1823 eum]
1183 1795 1254 1815 cum
1275 1784 1339 1816 BP.
1390 1782 1400 1825 ΙΙ
1447 1783 1500 1823 ad]
1527 1784 1559 1815 in

134 1829 170 1860 P.
213 1828 224 1870 Η
266 1829 284 1860 2
312 1829 341 1861 si
367 1839 430 1860 om.
452 1829 518 1868 QR.
562 1828 571 1870 Η
615 1830 684 1861 inte
703 1829 789 1861 Bal).
833 1829 843 1872 ΙΙ
885 1829 903 1860 3
931 1840 965 1862 se
992 1839 1058 1861 om.
1081 1829 1146 1870 QR.
1180 1831 1193 1870 Η
1232 1831 1252 1860 4
1278 1830 1363 1870 legis
1382 1829 1507 1869 BPQR.
1550 1828 1561 1871 {l

134 1880 347 1906 contumaces
364 1873 420 1914 Hb,
447 1876 654 1906 contumacis
678 1874 764 1915 Qfi’a,
791 1880 1017 1908 contumacem
1043 1875 1170 1907 fi'lenze.
1206 1874 1216 1917 (l
1250 1877 1421 1906 sententia
1438 1874 1508 1906 BP.
1552 1876 1562 1917 Η

133 1922 151 1950 5
181 1920 297 1951 scedas
315 1920 382 1952 BP.
425 1919 435 1962 Η
473 1922 492 1952 6
519 1920 631 1951 habita
658 1921 855 1962 quaestione
880 1921 1051 1952 hereditas
1078 1921 1296 1959 (hereditatis
1322 1919 1394 1959 BP)
1421 1931 1448 1952 e.
1475 1931 1503 1962 q.
1531 1921 1560 1952 d.

133 1964 312 1997 interfecta
343 1965 478 1997 codices.
518 1965 528 2007 [Ι
572 1966 589 1996 7
624 1967 692 2008 qui]
719 1977 779 2007 que
799 1966 836 1997 B.
879 1965 889 2008 ΙΙ
932 1967 951 1998 9
984 1972 1138 2009 suspecta
1171 1977 1207 1998 re
1240 1968 1290 2003 (se
1309 1966 1372 2005 Ε)]
1406 1971 1562 2008 suspecta

133 2012 247 2042 mors?
289 2009 300 2052 l}
345 2012 382 2043 11
411 2013 457 2050 et]
484 2017 517 2043 et
542 2011 575 2043 in
597 2011 633 2043 B.
676 2010 686 2052 Η
731 2012 770 2043 12
797 2011 905 2044 refret
921 2012 958 2043 P.
993 2011 1003 2054 ll
1042 2012 1079 2043 13
1107 2014 1182 2053 quo]
1208 2022 1246 2042 eo
1265 2012 1303 2044 P.
1337 2011 1347 2054 ΙΙ
1386 2013 1426 2044 14
1453 2018 1562 2043 tamen

133 2067 198 2088 om.
219 2056 258 2087 E.
301 2055 311 2099 ΙΙ
352 2056 524 2088 sciendum
550 2057 590 2097 E,
621 2057 789 2088 sciendam
813 2057 879 2088 BP.
921 2057 932 2099 Η
980 2058 1165 2089 habendum
1197 2057 1331 2089 codices.
1375 2056 1385 2099 Η
1430 2058 1469 2089 15
1504 2057 1561 2099 qui

161 2126 168 2133 .
188 2126 195 2133 .
223 2102 355 2133 ratione
383 2112 444 2133 om.
465 2103 524 2143 Est,
546 2105 623 2145 post
652 2103 689 2134 16
717 2102 788 2144 ipso
816 2102 955 2135 collocat
973 2103 1011 2134 B.
1053 2102 1063 2145 [Ι
1109 2104 1148 2135 18
1175 2104 1236 2135 hec
1261 2103 1362 2134 cordo
1386 2103 1423 2134 P.
1466 2101 1476 2145 Η
1524 2104 1561 2134 19

135 2148 176 2187 si]
211 2149 259 2178 sic
292 2148 373 2185 (non
400 2148 519 2179 deinde
544 2149 589 2186 si)
614 2150 715 2179 ctiam
734 2148 774 2180 E.
816 2147 826 2190 ΙΙ
868 2149 897 2180 si
922 2149 956 2180 id
980 2149 1110 2191 liqueat
1128 2173 1135 2180 .
1156 2174 1162 2180 .
1183 2173 1189 2180 .
1214 2149 1366 2180 habenda
1391 2150 1438 2180 sit
1462 2153 1560 2190 atque

135 2193 194 2233 ita]
226 2194 358 2235 scripsi,
393 2193 421 2224 si
454 2193 566 2235 aliqua
598 2198 653 2225 eat
676 2218 682 2224 .
711 2218 744 2225 ..
772 2194 940 2226 habendas
973 2196 1037 2232 (sic
1054 2195 1114 2234 Εα,
1139 2194 1290 2226 habenda
1307 2194 1433 2233 EbBP)
1459 2199 1560 2236 atque

136 2240 183 2270 ita
210 2238 348 2277 codices,
381 2238 510 2279 liqueat
529 2264 536 2270 .
557 2263 565 2270 .
584 2264 591 2270 .
617 2239 764 2271 habenda
795 2240 849 2280 sit,
881 2241 929 2271 ita
953 2240 1151 2272 Mommsen.
1195 2239 1205 2283 ΙΙ
1248 2240 1288 2271 20
1316 2241 1364 2271 ita
1390 2250 1452 2271 om.
1471 2240 1507 2271 P.
1550 2239 1560 2282 Η

139 2284 178 2315 21
208 2284 386 2316 mandatur
403 2284 501 2315 EBP.
543 2283 553 2326 Η
596 2285 637 2316 22
664 2285 818 2317 inuenire
845 2285 915 2317 ΕΒ.
957 2285 968 2328 ΙΙ
1012 2286 1052 2317 23
1080 2285 1233 2327 explicit]
1261 2286 1280 2317 i.
1308 2286 1397 2327 expl.
1415 2285 1452 2317 P.

1590 739 1630 772 10

1590 1024 1630 1057 15

1587 1309 1631 1343 20
