<?xml version="1.0" encoding="UTF-8"?>
<!DOCTYPE html PUBLIC "-//W3C//DTD XHTML 1.0 Transitional//EN"
    "http://www.w3.org/TR/xhtml1/DTD/xhtml1-transitional.dtd">
<html xmlns="http://www.w3.org/1999/xhtml" xml:lang="en" lang="en">
 <head>
  <title>
</title>
<meta http-equiv="Content-Type" content="text/html;charset=utf-8" />
  <meta name='ocr-system' content='tesseract 3.04.00' />
  <meta name='ocr-capabilities' content='ocr_page ocr_carea ocr_par ocr_line ocrx_word'/>
</head>
<body>
  <div class='ocr_page' id='page_1' title='image "./collectiolibroru03krue_0248.png"; bbox 0 0 1828 3011; ppageno 0'>
   <div class='ocr_carea' id='block_1_1' title="bbox 245 117 1174 157">
    <p class='ocr_par' dir='ltr' id='par_1_1' title="bbox 245 117 1174 157">
     <span class='ocr_line' id='line_1_1' title="bbox 245 117 1174 157; baseline -0.011 -4"><span class='ocrx_word' id='word_1_1' title='bbox 245 117 455 154; x_wconf 80' lang='lat' dir='ltr'><strong>GREG.3.4.</strong></span> <span class='ocrx_word' id='word_1_2' title='bbox 731 141 848 145; x_wconf 70' lang='lat'>—-</span> <span class='ocrx_word' id='word_1_3' title='bbox 910 117 993 157; x_wconf 75' lang='lat'>238</span> <span class='ocrx_word' id='word_1_4' title='bbox 1057 140 1174 144; x_wconf 66' lang='lat'>-—</span> 
     </span>
    </p>
   </div>
   <div class='ocr_carea' id='block_1_2' title="bbox 511 233 1825 417">
    <p class='ocr_par' dir='ltr' id='par_1_2' title="bbox 511 233 1825 417">
     <span class='ocr_line' id='line_1_2' title="bbox 758 233 1825 272; baseline -0.004 0"><span class='ocrx_word' id='word_1_5' title='bbox 758 234 904 272; x_wconf 89' lang='lat' dir='ltr'>LIBER</span> <span class='ocrx_word' id='word_1_6' title='bbox 937 233 1149 272; x_wconf 84' lang='lat' dir='ltr'>TERTIVS</span> <span class='ocrx_word' id='word_1_7' title='bbox 1818 244 1825 268; x_wconf 83' lang='grc' dir='ltr'>ι</span> 
     </span>
     <span class='ocr_line' id='line_1_3' title="bbox 632 301 1815 354; baseline -0.002 -14"><span class='ocrx_word' id='word_1_8' title='bbox 632 303 689 341; x_wconf 87' lang='lat' dir='ltr'>De</span> <span class='ocrx_word' id='word_1_9' title='bbox 720 301 958 354; x_wconf 86' lang='lat' dir='ltr'>petitione</span> <span class='ocrx_word' id='word_1_10' title='bbox 990 301 1278 340; x_wconf 81' lang='lat' dir='ltr'>hereditatis</span> <span class='ocrx_word' id='word_1_11' title='bbox 1812 319 1815 332; x_wconf 75' lang='grc' dir='ltr'>ι</span> 
     </span>
     <span class='ocr_line' id='line_1_4' title="bbox 511 365 1032 417; baseline -0.002 -12"><span class='ocrx_word' id='word_1_12' title='bbox 511 367 590 406; x_wconf 69' lang='lat' dir='ltr'>Lem</span> <span class='ocrx_word' id='word_1_13' title='bbox 620 367 727 406; x_wconf 83' lang='lat' dir='ltr'>Rom.</span> <span class='ocrx_word' id='word_1_14' title='bbox 767 365 890 417; x_wconf 63' lang='lat' dir='ltr'>Wisvy.</span> <span class='ocrx_word' id='word_1_15' title='bbox 925 367 961 412; x_wconf 87' lang='lat'>5,</span> <span class='ocrx_word' id='word_1_16' title='bbox 997 367 1032 404; x_wconf 89' lang='lat'>1.</span> 
     </span>
    </p>
   </div>
   <div class='ocr_carea' id='block_1_3' title="bbox 509 448 1218 565">
    <p class='ocr_par' dir='ltr' id='par_1_3' title="bbox 509 448 1218 565">
     <span class='ocr_line' id='line_1_5' title="bbox 692 448 1218 488; baseline 0.002 -1"><span class='ocrx_word' id='word_1_17' title='bbox 692 449 751 487; x_wconf 87' lang='lat' dir='ltr'>De</span> <span class='ocrx_word' id='word_1_18' title='bbox 783 449 852 487; x_wconf 85' lang='lat' dir='ltr'>rei</span> <span class='ocrx_word' id='word_1_19' title='bbox 886 448 1218 488; x_wconf 85' lang='lat' dir='ltr'>uindicatione</span> 
     </span>
     <span class='ocr_line' id='line_1_6' title="bbox 509 514 1123 565; baseline 0 -12"><span class='ocrx_word' id='word_1_20' title='bbox 509 515 587 553; x_wconf 63' lang='lat' dir='ltr'>Leto</span> <span class='ocrx_word' id='word_1_21' title='bbox 616 514 723 553; x_wconf 86' lang='lat' dir='ltr'>Rom.</span> <span class='ocrx_word' id='word_1_22' title='bbox 763 514 885 565; x_wconf 72' lang='lat' dir='ltr'>Wz&#39;sz&#39;y.</span> <span class='ocrx_word' id='word_1_23' title='bbox 920 514 957 553; x_wconf 83' lang='lat'>6.</span> <span class='ocrx_word' id='word_1_24' title='bbox 993 515 1123 553; x_wconf 88' lang='lat'>1—5.</span> 
     </span>
    </p>
   </div>
   <div class='ocr_carea' id='block_1_4' title="bbox 437 597 1481 715">
    <p class='ocr_par' dir='ltr' id='par_1_4' title="bbox 437 597 1481 715">
     <span class='ocr_line' id='line_1_7' title="bbox 437 597 1481 650; baseline 0 -13"><span class='ocrx_word' id='word_1_25' title='bbox 437 598 484 637; x_wconf 91' lang='lat' dir='ltr'>Si</span> <span class='ocrx_word' id='word_1_26' title='bbox 516 598 603 636; x_wconf 85' lang='lat' dir='ltr'>sub</span> <span class='ocrx_word' id='word_1_27' title='bbox 635 597 838 636; x_wconf 80' lang='lat' dir='ltr'>alterius</span> <span class='ocrx_word' id='word_1_28' title='bbox 870 597 1057 636; x_wconf 89' lang='lat' dir='ltr'>nomine</span> <span class='ocrx_word' id='word_1_29' title='bbox 1088 611 1164 637; x_wconf 89' lang='lat' dir='ltr'>res</span> <span class='ocrx_word' id='word_1_30' title='bbox 1197 604 1355 650; x_wconf 84' lang='lat' dir='ltr'>empta</span> <span class='ocrx_word' id='word_1_31' title='bbox 1386 598 1481 638; x_wconf 90' lang='lat' dir='ltr'>erit</span> 
     </span>
     <span class='ocr_line' id='line_1_8' title="bbox 509 662 1097 715; baseline 0 -14"><span class='ocrx_word' id='word_1_32' title='bbox 509 662 587 702; x_wconf 69' lang='lat' dir='ltr'>Lex</span> <span class='ocrx_word' id='word_1_33' title='bbox 618 663 725 702; x_wconf 83' lang='lat' dir='ltr'>Rom.</span> <span class='ocrx_word' id='word_1_34' title='bbox 764 663 886 715; x_wconf 67' lang='lat' dir='ltr'>Wz&#39;siy.</span> <span class='ocrx_word' id='word_1_35' title='bbox 920 665 958 709; x_wconf 78' lang='lat'>7,</span> <span class='ocrx_word' id='word_1_36' title='bbox 993 664 1027 702; x_wconf 83' lang='lat'>1.</span> <span class='ocrx_word' id='word_1_37' title='bbox 1061 663 1097 702; x_wconf 80' lang='lat'>2.</span> 
     </span>
    </p>
   </div>
   <div class='ocr_carea' id='block_1_5' title="bbox 286 745 1611 787">
    <p class='ocr_par' dir='ltr' id='par_1_5' title="bbox 286 745 1611 787">
     <span class='ocr_line' id='line_1_9' title="bbox 286 745 1611 787; baseline 0.003 -4"><span class='ocrx_word' id='word_1_38' title='bbox 286 745 344 784; x_wconf 86' lang='lat' dir='ltr'>De</span> <span class='ocrx_word' id='word_1_39' title='bbox 374 745 584 784; x_wconf 79' lang='lat' dir='ltr'>familiae</span> <span class='ocrx_word' id='word_1_40' title='bbox 617 746 962 785; x_wconf 78' lang='lat' dir='ltr'>herciscundae</span> <span class='ocrx_word' id='word_1_41' title='bbox 993 753 1041 785; x_wconf 89' lang='lat' dir='ltr'>et</span> <span class='ocrx_word' id='word_1_42' title='bbox 1071 747 1310 787; x_wconf 88' lang='lat' dir='ltr'>communi</span> <span class='ocrx_word' id='word_1_43' title='bbox 1350 747 1611 787; x_wconf 90' lang='lat' dir='ltr'>diuidundo</span> 
     </span>
    </p>
   </div>
   <div class='ocr_carea' id='block_1_6' title="bbox 509 809 1081 970">
    <p class='ocr_par' dir='ltr' id='par_1_6' title="bbox 509 809 1081 970">
     <span class='ocr_line' id='line_1_10' title="bbox 509 809 1081 862; baseline 0.003 -14"><span class='ocrx_word' id='word_1_44' title='bbox 509 809 587 849; x_wconf 68' lang='lat' dir='ltr'>Lem</span> <span class='ocrx_word' id='word_1_45' title='bbox 617 809 723 849; x_wconf 86' lang='lat' dir='ltr'>Rom.</span> <span class='ocrx_word' id='word_1_46' title='bbox 761 811 883 862; x_wconf 69' lang='lat' dir='ltr'>Wz&#39;sv&#39;q.</span> <span class='ocrx_word' id='word_1_47' title='bbox 917 812 953 859; x_wconf 78' lang='lat'>8,</span> <span class='ocrx_word' id='word_1_48' title='bbox 989 813 1023 850; x_wconf 90' lang='lat'>1.</span> <span class='ocrx_word' id='word_1_49' title='bbox 1058 812 1081 850; x_wconf 79' lang='lat'><strong>2</strong></span> 
     </span>
     <span class='ocr_line' id='line_1_11' title="bbox 514 866 874 915; baseline 0.003 -10"><span class='ocrx_word' id='word_1_50' title='bbox 514 866 747 907; x_wconf 75' lang='lat' dir='ltr'><em>Consultatio</em></span> <span class='ocrx_word' id='word_1_51' title='bbox 778 867 816 915; x_wconf 80' lang='lat'>2,</span> <span class='ocrx_word' id='word_1_52' title='bbox 850 869 874 906; x_wconf 90' lang='lat'><strong>7</strong></span> 
     </span>
     <span class='ocr_line' id='line_1_12' title="bbox 515 923 888 970; baseline 0.005 -8"><span class='ocrx_word' id='word_1_53' title='bbox 515 923 748 964; x_wconf 71' lang='lat' dir='ltr'><em>Consultatio</em></span> <span class='ocrx_word' id='word_1_54' title='bbox 780 924 817 970; x_wconf 80' lang='lat'>2,</span> <span class='ocrx_word' id='word_1_55' title='bbox 852 924 888 964; x_wconf 80' lang='lat'>8.</span> 
     </span>
    </p>
   </div>
   <div class='ocr_carea' id='block_1_7' title="bbox 771 1007 1132 1059">
    <p class='ocr_par' dir='ltr' id='par_1_7' title="bbox 771 1007 1132 1059">
     <span class='ocr_line' id='line_1_13' title="bbox 771 1007 1132 1059; baseline 0.006 -13"><span class='ocrx_word' id='word_1_56' title='bbox 771 1007 840 1056; x_wconf 84' lang='lat' dir='ltr'>[De</span> <span class='ocrx_word' id='word_1_57' title='bbox 871 1010 1132 1059; x_wconf 66' lang='lat' dir='ltr'>iureiurando]</span> 
     </span>
    </p>
   </div>
   <div class='ocr_carea' id='block_1_8' title="bbox 242 1070 1662 1352">
    <p class='ocr_par' dir='ltr' id='par_1_8' title="bbox 242 1070 1662 1352">
     <span class='ocr_line' id='line_1_14' title="bbox 356 1070 1662 1123; baseline 0.003 -14"><span class='ocrx_word' id='word_1_58' title='bbox 356 1070 434 1110; x_wconf 69' lang='lat' dir='ltr'>Lem</span> <span class='ocrx_word' id='word_1_59' title='bbox 474 1070 581 1110; x_wconf 84' lang='lat' dir='ltr'>Rom.</span> <span class='ocrx_word' id='word_1_60' title='bbox 627 1072 828 1123; x_wconf 72' lang='lat' dir='ltr'>Buryund.</span> <span class='ocrx_word' id='word_1_61' title='bbox 876 1073 948 1112; x_wconf 82' lang='lat'>23:</span> <span class='ocrx_word' id='word_1_62' title='bbox 1018 1074 1059 1113; x_wconf 89' lang='lat' dir='ltr'>Si</span> <span class='ocrx_word' id='word_1_63' title='bbox 1095 1087 1114 1113; x_wconf 82' lang='lat' dir='ltr'>a</span> <span class='ocrx_word' id='word_1_64' title='bbox 1157 1074 1282 1113; x_wconf 85' lang='lat' dir='ltr'>iudice</span> <span class='ocrx_word' id='word_1_65' title='bbox 1320 1080 1510 1113; x_wconf 83' lang='lat' dir='ltr'>statutum</span> <span class='ocrx_word' id='word_1_66' title='bbox 1542 1074 1662 1114; x_wconf 86' lang='lat' dir='ltr'>fuerit</span> 
     </span>
     <span class='ocr_line' id='line_1_15' title="bbox 244 1128 1659 1179; baseline 0.003 -13"><span class='ocrx_word' id='word_1_67' title='bbox 244 1134 311 1167; x_wconf 85' lang='lat' dir='ltr'>aut</span> <span class='ocrx_word' id='word_1_68' title='bbox 346 1128 448 1166; x_wconf 88' lang='lat' dir='ltr'>inter</span> <span class='ocrx_word' id='word_1_69' title='bbox 483 1135 612 1179; x_wconf 82' lang='lat' dir='ltr'>partes</span> <span class='ocrx_word' id='word_1_70' title='bbox 650 1129 894 1177; x_wconf 87' lang='lat' dir='ltr'>conuenerit,</span> <span class='ocrx_word' id='word_1_71' title='bbox 940 1136 982 1169; x_wconf 92' lang='lat' dir='ltr'>ut</span> <span class='ocrx_word' id='word_1_72' title='bbox 1022 1130 1067 1169; x_wconf 90' lang='lat' dir='ltr'>de</span> <span class='ocrx_word' id='word_1_73' title='bbox 1104 1131 1221 1170; x_wconf 85' lang='lat' dir='ltr'>rebus</span> <span class='ocrx_word' id='word_1_74' title='bbox 1260 1130 1388 1170; x_wconf 88' lang='lat' dir='ltr'>dubiis</span> <span class='ocrx_word' id='word_1_75' title='bbox 1420 1138 1659 1170; x_wconf 80' lang='lat' dir='ltr'>sacramenta</span> 
     </span>
     <span class='ocr_line' id='line_1_16' title="bbox 243 1184 1661 1239; baseline 0.003 -17"><span class='ocrx_word' id='word_1_76' title='bbox 243 1184 518 1236; x_wconf 78' lang='lat' dir='ltr'>praebeantur,</span> <span class='ocrx_word' id='word_1_77' title='bbox 551 1197 639 1224; x_wconf 89' lang='lat' dir='ltr'>eum</span> <span class='ocrx_word' id='word_1_78' title='bbox 687 1186 812 1224; x_wconf 88' lang='lat' dir='ltr'>solum</span> <span class='ocrx_word' id='word_1_79' title='bbox 854 1186 995 1225; x_wconf 88' lang='lat' dir='ltr'>debere</span> <span class='ocrx_word' id='word_1_80' title='bbox 1036 1187 1180 1234; x_wconf 76' lang='lat' dir='ltr'>iurare,</span> <span class='ocrx_word' id='word_1_81' title='bbox 1213 1200 1233 1226; x_wconf 83' lang='lat' dir='ltr'>a</span> <span class='ocrx_word' id='word_1_82' title='bbox 1264 1200 1341 1238; x_wconf 89' lang='lat' dir='ltr'>quo</span> <span class='ocrx_word' id='word_1_83' title='bbox 1371 1187 1514 1238; x_wconf 82' lang='lat' dir='ltr'>aliquid</span> <span class='ocrx_word' id='word_1_84' title='bbox 1546 1200 1661 1239; x_wconf 86' lang='lat' dir='ltr'>repe-</span> 
     </span>
     <span class='ocr_line' id='line_1_17' title="bbox 243 1241 1660 1295; baseline 0.003 -16"><span class='ocrx_word' id='word_1_85' title='bbox 243 1241 350 1280; x_wconf 84' lang='lat' dir='ltr'>titur.</span> <span class='ocrx_word' id='word_1_86' title='bbox 391 1271 399 1279; x_wconf 91' lang='lat'>.</span> <span class='ocrx_word' id='word_1_87' title='bbox 423 1271 431 1280; x_wconf 85' lang='lat'><strong>.</strong></span> <span class='ocrx_word' id='word_1_88' title='bbox 456 1271 464 1280; x_wconf 88' lang='lat'><strong>.</strong></span> <span class='ocrx_word' id='word_1_89' title='bbox 487 1241 549 1280; x_wconf 86' lang='lat' dir='ltr'>hic</span> <span class='ocrx_word' id='word_1_90' title='bbox 582 1248 709 1280; x_wconf 79' lang='lat' dir='ltr'>tamen</span> <span class='ocrx_word' id='word_1_91' title='bbox 743 1244 973 1282; x_wconf 73' lang='lat' dir='ltr'>sacramenti</span> <span class='ocrx_word' id='word_1_92' title='bbox 1012 1244 1106 1282; x_wconf 90' lang='lat' dir='ltr'>ordo</span> <span class='ocrx_word' id='word_1_93' title='bbox 1136 1250 1270 1283; x_wconf 80' lang='lat' dir='ltr'>notato</span> <span class='ocrx_word' id='word_1_94' title='bbox 1301 1244 1460 1283; x_wconf 82' lang='lat' dir='ltr'>infamia</span> <span class='ocrx_word' id='word_1_95' title='bbox 1493 1245 1660 1295; x_wconf 85' lang='lat' dir='ltr'>denega-</span> 
     </span>
     <span class='ocr_line' id='line_1_18' title="bbox 242 1298 1555 1352; baseline 0.002 -16"><span class='ocrx_word' id='word_1_96' title='bbox 242 1303 307 1337; x_wconf 85' lang='lat' dir='ltr'>tur</span> <span class='ocrx_word' id='word_1_97' title='bbox 338 1298 552 1337; x_wconf 88' lang='lat' dir='ltr'>secundum</span> <span class='ocrx_word' id='word_1_98' title='bbox 585 1299 882 1338; x_wconf 72' lang='lat' dir='ltr'>constitutiones</span> <span class='ocrx_word' id='word_1_99' title='bbox 915 1300 1142 1350; x_wconf 84' lang='lat' dir='ltr'>Gregoriani</span> <span class='ocrx_word' id='word_1_100' title='bbox 1173 1306 1211 1339; x_wconf 89' lang='lat' dir='ltr'>et</span> <span class='ocrx_word' id='word_1_101' title='bbox 1242 1300 1555 1352; x_wconf 83' lang='lat' dir='ltr'>Hermogeniani.</span> 
     </span>
    </p>
   </div>
   <div class='ocr_carea' id='block_1_9' title="bbox 418 1381 1238 1499">
    <p class='ocr_par' dir='ltr' id='par_1_9' title="bbox 418 1381 1238 1499">
     <span class='ocr_line' id='line_1_19' title="bbox 652 1381 1238 1434; baseline 0.005 -15"><span class='ocrx_word' id='word_1_102' title='bbox 652 1381 721 1419; x_wconf 89' lang='lat' dir='ltr'>XII</span> <span class='ocrx_word' id='word_1_103' title='bbox 754 1382 799 1420; x_wconf 90' lang='lat' dir='ltr'>Si</span> <span class='ocrx_word' id='word_1_104' title='bbox 831 1389 1013 1421; x_wconf 87' lang='lat' dir='ltr'>certum</span> <span class='ocrx_word' id='word_1_105' title='bbox 1046 1383 1238 1434; x_wconf 87' lang='lat' dir='ltr'>petitur</span> 
     </span>
     <span class='ocr_line' id='line_1_20' title="bbox 418 1446 1072 1499; baseline 0.005 -15"><span class='ocrx_word' id='word_1_106' title='bbox 418 1458 483 1484; x_wconf 84' lang='lat' dir='ltr'>vlu</span> <span class='ocrx_word' id='word_1_107' title='bbox 517 1446 717 1496; x_wconf 64' lang='lat' dir='ltr'>Appemlzoe</span> <span class='ocrx_word' id='word_1_108' title='bbox 751 1448 785 1493; x_wconf 97' lang='grc'>1,</span> <span class='ocrx_word' id='word_1_109' title='bbox 818 1448 842 1485; x_wconf 83' lang='grc'>5</span> <span class='ocrx_word' id='word_1_110' title='bbox 878 1449 928 1499; x_wconf 84' lang='lat' dir='ltr'>(p.</span> <span class='ocrx_word' id='word_1_111' title='bbox 962 1447 1072 1497; x_wconf 82' lang='lat'>254).</span> 
     </span>
    </p>
   </div>
   <div class='ocr_carea' id='block_1_10' title="bbox 245 1529 1658 1638">
    <p class='ocr_par' dir='ltr' id='par_1_10' title="bbox 245 1529 1658 1638">
     <span class='ocr_line' id='line_1_21' title="bbox 245 1529 1658 1583; baseline 0.003 -16"><span class='ocrx_word' id='word_1_112' title='bbox 245 1529 275 1578; x_wconf 83' lang='lat'>¹)</span> <span class='ocrx_word' id='word_1_113' title='bbox 307 1529 439 1576; x_wconf 86' lang='lat' dir='ltr'>Quod</span> <span class='ocrx_word' id='word_1_114' title='bbox 484 1542 586 1569; x_wconf 88' lang='lat' dir='ltr'>cum</span> <span class='ocrx_word' id='word_1_115' title='bbox 630 1543 680 1568; x_wconf 94' lang='lat' dir='ltr'>eo</span> <span class='ocrx_word' id='word_1_116' title='bbox 718 1530 797 1582; x_wconf 88' lang='lat' dir='ltr'>qui</span> <span class='ocrx_word' id='word_1_117' title='bbox 840 1530 887 1569; x_wconf 92' lang='lat' dir='ltr'>in</span> <span class='ocrx_word' id='word_1_118' title='bbox 927 1531 1089 1570; x_wconf 82' lang='lat' dir='ltr'>aliena</span> <span class='ocrx_word' id='word_1_119' title='bbox 1127 1538 1369 1583; x_wconf 76' lang='lat' dir='ltr'><strong>potestate</strong></span> <span class='ocrx_word' id='word_1_120' title='bbox 1407 1538 1480 1571; x_wconf 87' lang='lat' dir='ltr'>est</span> <span class='ocrx_word' id='word_1_121' title='bbox 1510 1544 1658 1583; x_wconf 85' lang='lat' dir='ltr'>nego-</span> 
     </span>
     <span class='ocr_line' id='line_1_22' title="bbox 618 1587 1301 1638; baseline 0.001 -12"><span class='ocrx_word' id='word_1_122' title='bbox 618 1587 737 1626; x_wconf 87' lang='lat' dir='ltr'><strong>tium</strong></span> <span class='ocrx_word' id='word_1_123' title='bbox 772 1594 956 1638; x_wconf 83' lang='lat' dir='ltr'>gestum</span> <span class='ocrx_word' id='word_1_124' title='bbox 991 1601 1092 1627; x_wconf 87' lang='lat' dir='ltr'>esse</span> <span class='ocrx_word' id='word_1_125' title='bbox 1124 1588 1301 1628; x_wconf 88' lang='lat' dir='ltr'>dicitur</span> 
     </span>
    </p>
   </div>
   <div class='ocr_carea' id='block_1_11' title="bbox 509 1652 1030 1704">
    <p class='ocr_par' dir='ltr' id='par_1_11' title="bbox 509 1652 1030 1704">
     <span class='ocr_line' id='line_1_23' title="bbox 509 1652 1030 1704; baseline 0.002 -13"><span class='ocrx_word' id='word_1_126' title='bbox 509 1652 587 1692; x_wconf 82' lang='lat' dir='ltr'>Leoo</span> <span class='ocrx_word' id='word_1_127' title='bbox 617 1652 725 1692; x_wconf 86' lang='lat' dir='ltr'>Rom.</span> <span class='ocrx_word' id='word_1_128' title='bbox 766 1653 890 1704; x_wconf 60' lang='lat' dir='ltr'>Wisiq.</span> <span class='ocrx_word' id='word_1_129' title='bbox 924 1653 961 1701; x_wconf 80' lang='lat'>9,</span> <span class='ocrx_word' id='word_1_130' title='bbox 996 1655 1030 1692; x_wconf 91' lang='lat'>1.</span> 
     </span>
    </p>
   </div>
   <div class='ocr_carea' id='block_1_12' title="bbox 409 1736 1499 1854">
    <p class='ocr_par' dir='ltr' id='par_1_12' title="bbox 409 1736 1499 1854">
     <span class='ocr_line' id='line_1_24' title="bbox 409 1736 1499 1784; baseline 0.003 -10"><span class='ocrx_word' id='word_1_131' title='bbox 409 1736 438 1784; x_wconf 86' lang='lat'>1)</span> <span class='ocrx_word' id='word_1_132' title='bbox 470 1736 531 1774; x_wconf 90' lang='lat' dir='ltr'>Ad</span> <span class='ocrx_word' id='word_1_133' title='bbox 565 1743 768 1775; x_wconf 81' lang='lat' dir='ltr'>senatus</span> <span class='ocrx_word' id='word_1_134' title='bbox 801 1737 1078 1776; x_wconf 90' lang='lat' dir='ltr'>consultum</span> <span class='ocrx_word' id='word_1_135' title='bbox 1111 1737 1499 1777; x_wconf 83' lang='lat' dir='ltr'>Macedonianum</span> 
     </span>
     <span class='ocr_line' id='line_1_25' title="bbox 509 1801 1059 1854; baseline 0.004 -14"><span class='ocrx_word' id='word_1_136' title='bbox 509 1801 588 1841; x_wconf 69' lang='lat' dir='ltr'>Lex</span> <span class='ocrx_word' id='word_1_137' title='bbox 618 1802 726 1841; x_wconf 81' lang='lat' dir='ltr'>Rom.</span> <span class='ocrx_word' id='word_1_138' title='bbox 766 1803 886 1854; x_wconf 71' lang='lat' dir='ltr'>Wz‘sz&#39;y.</span> <span class='ocrx_word' id='word_1_139' title='bbox 925 1802 988 1848; x_wconf 80' lang='lat'>10,</span> <span class='ocrx_word' id='word_1_140' title='bbox 1024 1804 1059 1842; x_wconf 90' lang='lat'>1.</span> 
     </span>
    </p>
   </div>
   <div class='ocr_carea' id='block_1_13' title="bbox 753 1918 1160 1965">
    <p class='ocr_par' dir='ltr' id='par_1_13' title="bbox 753 1918 1160 1965">
     <span class='ocr_line' id='line_1_26' title="bbox 753 1918 1160 1965; baseline 0.005 -9"><span class='ocrx_word' id='word_1_141' title='bbox 753 1918 900 1956; x_wconf 89' lang='lat' dir='ltr'>LIBER</span> <span class='ocrx_word' id='word_1_142' title='bbox 932 1918 1160 1965; x_wconf 86' lang='lat' dir='ltr'><strong>QVARTVS</strong></span> 
     </span>
    </p>
   </div>
   <div class='ocr_carea' id='block_1_14' title="bbox 246 1986 1660 2084">
    <p class='ocr_par' dir='ltr' id='par_1_14' title="bbox 246 1986 1660 2084">
     <span class='ocr_line' id='line_1_27' title="bbox 246 1986 1660 2039; baseline 0 -13"><span class='ocrx_word' id='word_1_143' title='bbox 246 1986 291 2026; x_wconf 90' lang='lat' dir='ltr'>Si</span> <span class='ocrx_word' id='word_1_144' title='bbox 328 1986 495 2025; x_wconf 88' lang='lat' dir='ltr'>debito</span> <span class='ocrx_word' id='word_1_145' title='bbox 527 1987 774 2037; x_wconf 86' lang='lat' dir='ltr'>persoluto</span> <span class='ocrx_word' id='word_1_146' title='bbox 805 1987 1181 2026; x_wconf 86' lang='lat' dir='ltr'>instrumentum</span> <span class='ocrx_word' id='word_1_147' title='bbox 1213 1987 1332 2039; x_wconf 82' lang='lat' dir='ltr'>apud</span> <span class='ocrx_word' id='word_1_148' title='bbox 1364 1986 1660 2027; x_wconf 88' lang='lat' dir='ltr'>creditorem</span> 
     </span>
     <span class='ocr_line' id='line_1_28' title="bbox 811 2051 1102 2084; baseline 0.003 -2"><span class='ocrx_word' id='word_1_149' title='bbox 811 2051 1102 2084; x_wconf 76' lang='lat' dir='ltr'>remanserit</span> 
     </span>
    </p>
   </div>
   <div class='ocr_carea' id='block_1_15' title="bbox 511 2108 1127 2160">
    <p class='ocr_par' dir='ltr' id='par_1_15' title="bbox 511 2108 1127 2160">
     <span class='ocr_line' id='line_1_29' title="bbox 511 2108 1127 2160; baseline 0.003 -14"><span class='ocrx_word' id='word_1_150' title='bbox 511 2108 589 2147; x_wconf 79' lang='lat' dir='ltr'>Leoo</span> <span class='ocrx_word' id='word_1_151' title='bbox 619 2109 726 2148; x_wconf 81' lang='lat' dir='ltr'>Rom.</span> <span class='ocrx_word' id='word_1_152' title='bbox 764 2109 887 2160; x_wconf 73' lang='lat' dir='ltr'>Wisz&#39;y.</span> <span class='ocrx_word' id='word_1_153' title='bbox 922 2111 986 2157; x_wconf 83' lang='lat'>11,</span> <span class='ocrx_word' id='word_1_154' title='bbox 1022 2111 1057 2147; x_wconf 86' lang='lat'>1.</span> <span class='ocrx_word' id='word_1_155' title='bbox 1091 2109 1127 2148; x_wconf 76' lang='lat'>2.</span> 
     </span>
    </p>
   </div>
   <div class='ocr_carea' id='block_1_16' title="bbox 246 2191 1661 2301">
    <p class='ocr_par' dir='ltr' id='par_1_16' title="bbox 246 2191 1661 2301">
     <span class='ocr_line' id='line_1_30' title="bbox 246 2191 1661 2232; baseline -0.001 -1"><span class='ocrx_word' id='word_1_156' title='bbox 246 2191 295 2231; x_wconf 89' lang='lat' dir='ltr'>Si</span> <span class='ocrx_word' id='word_1_157' title='bbox 332 2192 524 2232; x_wconf 84' lang='lat' dir='ltr'>amissis</span> <span class='ocrx_word' id='word_1_158' title='bbox 568 2192 640 2230; x_wconf 89' lang='lat' dir='ltr'>uel</span> <span class='ocrx_word' id='word_1_159' title='bbox 680 2192 896 2231; x_wconf 82' lang='lat' dir='ltr'>debitori</span> <span class='ocrx_word' id='word_1_160' title='bbox 933 2193 1134 2232; x_wconf 84' lang='lat' dir='ltr'>redditis</span> <span class='ocrx_word' id='word_1_161' title='bbox 1171 2191 1516 2232; x_wconf 84' lang='lat' dir='ltr'>instrumentis</span> <span class='ocrx_word' id='word_1_162' title='bbox 1548 2204 1661 2231; x_wconf 89' lang='lat' dir='ltr'>cre-</span> 
     </span>
     <span class='ocr_line' id='line_1_31' title="bbox 759 2250 1147 2301; baseline 0.005 -14"><span class='ocrx_word' id='word_1_163' title='bbox 759 2250 907 2288; x_wconf 85' lang='lat' dir='ltr'>ditum</span> <span class='ocrx_word' id='word_1_164' title='bbox 951 2256 1147 2301; x_wconf 82' lang='lat' dir='ltr'>petatur</span> 
     </span>
    </p>
   </div>
   <div class='ocr_carea' id='block_1_17' title="bbox 512 2313 1127 2367">
    <p class='ocr_par' dir='ltr' id='par_1_17' title="bbox 512 2313 1127 2367">
     <span class='ocr_line' id='line_1_32' title="bbox 512 2313 1127 2367; baseline 0.003 -15"><span class='ocrx_word' id='word_1_165' title='bbox 512 2313 591 2353; x_wconf 79' lang='lat' dir='ltr'>Leoo</span> <span class='ocrx_word' id='word_1_166' title='bbox 620 2314 727 2354; x_wconf 80' lang='lat' dir='ltr'>Rom.</span> <span class='ocrx_word' id='word_1_167' title='bbox 766 2315 888 2367; x_wconf 58' lang='lat' dir='ltr'>Wiszy.</span> <span class='ocrx_word' id='word_1_168' title='bbox 924 2315 986 2362; x_wconf 82' lang='lat'>12,</span> <span class='ocrx_word' id='word_1_169' title='bbox 1023 2317 1057 2354; x_wconf 88' lang='lat'>1.</span> <span class='ocrx_word' id='word_1_170' title='bbox 1090 2315 1127 2354; x_wconf 79' lang='lat'>2.</span> 
     </span>
    </p>
   </div>
   <div class='ocr_carea' id='block_1_18' title="bbox 245 2397 1663 2688">
    <p class='ocr_par' dir='ltr' id='par_1_18' title="bbox 803 2397 1122 2450">
     <span class='ocr_line' id='line_1_33' title="bbox 803 2397 1122 2450; baseline 0.006 -14"><span class='ocrx_word' id='word_1_171' title='bbox 803 2397 862 2437; x_wconf 89' lang='lat' dir='ltr'>De</span> <span class='ocrx_word' id='word_1_172' title='bbox 893 2398 1122 2450; x_wconf 88' lang='lat' dir='ltr'>deposito</span> 
     </span>
    </p>

    <p class='ocr_par' dir='ltr' id='par_1_19' title="bbox 519 2463 842 2511">
     <span class='ocr_line' id='line_1_34' title="bbox 519 2463 842 2511; baseline -0.006 -8"><span class='ocrx_word' id='word_1_173' title='bbox 519 2463 673 2503; x_wconf 65' lang='lat' dir='ltr'>Collatio</span> <span class='ocrx_word' id='word_1_174' title='bbox 711 2464 772 2511; x_wconf 73' lang='lat'>10,</span> <span class='ocrx_word' id='word_1_175' title='bbox 807 2463 842 2502; x_wconf 76' lang='lat'>8.</span> 
     </span>
    </p>

    <p class='ocr_par' dir='ltr' id='par_1_20' title="bbox 337 2563 1663 2608">
     <span class='ocr_line' id='line_1_35' title="bbox 337 2563 1663 2608; baseline 0 -12"><span class='ocrx_word' id='word_1_176' title='bbox 337 2565 363 2605; x_wconf 84' lang='lat'>1)</span> <span class='ocrx_word' id='word_1_177' title='bbox 388 2566 424 2596; x_wconf 84' lang='grc' dir='ltr'>Ιιί</span> <span class='ocrx_word' id='word_1_178' title='bbox 451 2565 516 2597; x_wconf 74' lang='lat' dir='ltr'>duo</span> <span class='ocrx_word' id='word_1_179' title='bbox 546 2566 645 2603; x_wconf 66' lang='lat' dir='ltr'>tt&#39;tulc&#39;,</span> <span class='ocrx_word' id='word_1_180' title='bbox 671 2576 750 2607; x_wconf 71' lang='lat' dir='ltr'>quos</span> <span class='ocrx_word' id='word_1_181' title='bbox 773 2564 846 2597; x_wconf 70' lang='lat' dir='ltr'>Leoc-</span> <span class='ocrx_word' id='word_1_182' title='bbox 873 2566 963 2599; x_wconf 80' lang='lat' dir='ltr'>Hom.</span> <span class='ocrx_word' id='word_1_183' title='bbox 993 2567 1121 2608; x_wconf 68' lang='lat' dir='ltr'>Wisig.</span> <span class='ocrx_word' id='word_1_184' title='bbox 1147 2568 1246 2599; x_wconf 76' lang='lat' dir='ltr'>tertio</span> <span class='ocrx_word' id='word_1_185' title='bbox 1263 2566 1347 2597; x_wconf 73' lang='lat' dir='ltr'>libro</span> <span class='ocrx_word' id='word_1_186' title='bbox 1371 2564 1547 2603; x_wconf 61' lang='lat' dir='ltr'>adscribit,</span> <span class='ocrx_word' id='word_1_187' title='bbox 1579 2563 1663 2596; x_wconf 80' lang='lat' dir='ltr'>duce</span> 
     </span>
    </p>

    <p class='ocr_par' dir='ltr' id='par_1_21' title="bbox 245 2610 1660 2688">
     <span class='ocr_line' id='line_1_36' title="bbox 245 2610 1660 2654; baseline -0.003 -11"><span class='ocrx_word' id='word_1_188' title='bbox 245 2610 433 2643; x_wconf 63' lang='lat' dir='ltr'>lastiniam</span> <span class='ocrx_word' id='word_1_189' title='bbox 468 2610 583 2643; x_wconf 78' lang='lat' dir='ltr'>Codice</span> <span class='ocrx_word' id='word_1_190' title='bbox 618 2611 699 2643; x_wconf 78' lang='lat' dir='ltr'>le&#39;bro</span> <span class='ocrx_word' id='word_1_191' title='bbox 735 2615 851 2654; x_wconf 74' lang='lat' dir='ltr'>quarto</span> <span class='ocrx_word' id='word_1_192' title='bbox 886 2615 973 2645; x_wconf 69' lang='lat' dir='ltr'>inter</span> <span class='ocrx_word' id='word_1_193' title='bbox 1006 2612 1121 2644; x_wconf 76' lang='lat' dir='ltr'>titulos</span> <span class='ocrx_word' id='word_1_194' title='bbox 1153 2613 1181 2644; x_wconf 87' lang='lat' dir='ltr'>si</span> <span class='ocrx_word' id='word_1_195' title='bbox 1212 2611 1343 2643; x_wconf 80' lang='lat' dir='ltr'>amissis</span> <span class='ocrx_word' id='word_1_196' title='bbox 1374 2613 1403 2642; x_wconf 75' lang='lat' dir='ltr'>ec</span> <span class='ocrx_word' id='word_1_197' title='bbox 1437 2610 1475 2641; x_wconf 83' lang='lat' dir='ltr'>de</span> <span class='ocrx_word' id='word_1_198' title='bbox 1508 2610 1660 2652; x_wconf 86' lang='lat' dir='ltr'>deposito</span> 
     </span>
     <span class='ocr_line' id='line_1_37' title="bbox 245 2656 734 2688; baseline 0.002 -1"><span class='ocrx_word' id='word_1_199' title='bbox 245 2656 405 2688; x_wconf 63' lang='lat' dir='ltr'>uidentur</span> <span class='ocrx_word' id='word_1_200' title='bbox 429 2656 632 2688; x_wconf 67' lang='lat' dir='ltr'>restituenda?</span> <span class='ocrx_word' id='word_1_201' title='bbox 654 2668 734 2688; x_wconf 75' lang='lat' dir='ltr'>osse.</span> 
     </span>
    </p>
   </div>
   <div class='ocr_carea' id='block_1_19' title="bbox 1165 2535 1397 2543">
    <p class='ocr_par' dir='ltr' id='par_1_22' title="bbox 1165 2535 1397 2543">
     <span class='ocr_line' id='line_1_38' title="bbox 1165 2535 1397 2543; baseline 0 0"><span class='ocrx_word' id='word_1_202' title='bbox 1165 2537 1261 2543; x_wconf 44' lang='lat' dir='ltr'>“Nvae</span> <span class='ocrx_word' id='word_1_203' title='bbox 1278 2535 1373 2543; x_wconf 43' lang='grc' dir='ltr'>«κνννν</span> <span class='ocrx_word' id='word_1_204' title='bbox 1384 2536 1397 2541; x_wconf 56' lang='lat' dir='ltr'>x</span> 
     </span>
    </p>
   </div>
   <div class='ocr_carea' id='block_1_20' title="bbox 1801 290 1828 3011">
    <p class='ocr_par' dir='ltr' id='par_1_23' title="bbox 1801 290 1828 3011">
     <span class='ocr_line' id='line_1_39' title="bbox 1801 290 1828 3011; baseline 0 0"><span class='ocrx_word' id='word_1_205' title='bbox 1801 290 1828 3011; x_wconf 95' lang='lat' dir='ltr'> </span> 
     </span>
    </p>
   </div>
  </div>
 </body>
</html>
