1823 3016
680 149 798 153 --
863 130 944 171 187
1007 149 1124 153 —
1296 138 1490 165 COLLATIO
1514 129 1566 172 15,
1588 143 1614 167 3.

60 253 112 295 15,
126 264 179 294 3,1
253 261 511 289 cnecoamnvs
541 249 640 289 libro
663 249 728 288 VII
750 249 823 288 sub
854 248 967 288 titulo
999 248 1044 287 de
1077 247 1260 286 maleficis
1292 254 1330 287 et
1358 247 1612 287 Manichaeis:

308 306 432 358 Impp.
471 306 731 345 Diocletianus
775 313 811 345 et
848 305 1104 345 Maximianus
1143 305 1218 343 ΑΑ.
1258 305 1310 354 [et
1350 303 1615 355 Constantius]

196 369 235 403 et
271 363 526 402 Maximianus
572 363 803 402 nobilissimi
848 362 946 413 [CC.]
990 362 1137 401 Iuliano
1182 361 1406 413 proconsuli
1451 362 1612 400 Africae.

197 420 284 460 Otia
343 419 511 459 maxima
562 420 758 459 interdum
816 420 994 458 homines
1050 419 1089 457 in
1145 418 1422 457 communione
1479 419 1614 457 condi-

198 476 319 516 cionis
352 482 513 516 naturae
544 477 737 516 humanae
768 477 928 516 modum
967 476 1150 515 excedere
1183 476 1390 514 hortantur
1427 480 1462 513 et
1493 488 1612 526 quae-

195 534 282 573 dam
315 546 455 585 genera
485 534 711 573 inanissima
748 546 792 573 ac
829 533 1054 585 turpissima
1087 532 1285 571 doctrinae
1323 532 1614 582 superstitionis

192 591 380 630 inducere
418 591 602 639 suadent,
640 597 684 630 ut
721 591 780 629 sui
818 589 961 629 erroris
997 589 1157 629 arbitrio
1189 589 1412 641 pertrahere
1449 595 1488 627 et
1518 588 1614 627 alios

158 656 174 680 ²
195 648 341 687 multos
372 648 591 692 uideantur,
622 647 767 686 Iuliane
799 647 1014 686 karissime.
1081 646 1148 685 sed
1180 647 1231 684 dii
1261 645 1489 684 inmortales
1521 657 1614 697 pro-

196 704 369 744 uidentia
408 718 477 744 sua
516 704 695 743 ordinare
733 710 771 743 et
808 705 1014 756 disponere
1051 703 1197 754 dignati
1234 709 1344 748 sunt,
1383 715 1481 754 quae
1512 702 1614 741 bona

195 767 233 800 et
271 774 360 800 uera
393 768 486 801 sunt
516 769 560 800 ut
590 761 805 800 multorum
837 768 875 800 et
896 762 1088 800 bonorum
1112 766 1150 799 et
1171 760 1412 811 egregiorum
1436 759 1614 798 uirorum

194 824 233 857 et
268 818 649 870 sapientissimorum
686 817 846 857 consilio
889 824 928 857 et
964 824 1127 856 tractatu
1160 817 1316 856 inlibata
1354 817 1614 868 probarentur

194 881 234 914 et
263 882 543 921 statuerentur,
584 875 727 926 quibus
764 887 836 913 nec
867 874 1020 913 obuiam
1052 874 1108 913 ire
1138 886 1211 913 nec
1241 874 1423 913 resistere
1453 875 1510 912 fas
1542 880 1613 920 est,

194 944 322 983 neque
353 931 584 984 reprehendi
615 944 635 970 a
666 943 768 970 noua
799 938 913 970 uetus
945 931 1078 981 religio
1111 931 1281 970 deberet.
1328 930 1487 969 maximi
1508 930 1613 969 enim

195 988 371 1028 criminis
403 995 463 1027 est
492 993 703 1027 retractare
733 1000 832 1039 quae
869 988 990 1026 semel
1021 988 1067 1026 ab
1099 988 1268 1038 antiquis
1301 993 1445 1026 statuta
1477 993 1516 1026 et
1547 987 1612 1025 de-

157 1055 173 1079 3
193 1045 301 1084 finita
333 1057 447 1085 suum
479 1050 625 1084 statum
657 1050 694 1083 et
726 1056 885 1082 cursum
918 1049 1054 1082 tenent
1075 1056 1117 1082 ac
1138 1044 1352 1095 possident.
1400 1044 1502 1083 unde
1523 1056 1614 1095 per-

195 1102 373 1141 tinaciam
406 1113 548 1153 prauae
581 1100 724 1139 mentis
761 1100 1097 1151 nequissimorum
1134 1100 1339 1139 hominum
1378 1100 1518 1152 punire
1551 1101 1612 1139 in-

193 1170 286 1209 gens
323 1158 437 1197 nobis
478 1157 651 1196 studium
691 1162 766 1195 est:
805 1157 845 1195 hi
886 1156 1003 1203 enim,
1036 1156 1103 1207 qui
1134 1158 1308 1196 nouellas
1345 1165 1384 1196 et
1419 1157 1613 1196 inauditas

193 1220 318 1253 sectas
350 1214 611 1253 ueterioribus
642 1213 893 1264 religionibus
926 1213 1142 1265 obponunt,
1174 1220 1218 1253 ut
1247 1226 1317 1265 pro
1349 1214 1510 1253 arbitrio
1543 1227 1613 1253 suo

190 1283 313 1323 prauo
346 1271 553 1310 excludant
583 1283 681 1322 quae
713 1270 904 1310 diuinitus
936 1283 1120 1309 concessa
1143 1277 1237 1310 sunt
1257 1271 1455 1322 quondam
1487 1270 1612 1317 nobis,

154 1328 238 1367 4de
279 1327 421 1379 quibus
460 1328 628 1367 sollertia
666 1333 732 1366 tua
773 1327 973 1366 serenitati
1009 1334 1166 1367 nostrae
1203 1328 1354 1375 retulit,
1387 1327 1611 1374 Manichaei,

189 1384 414 1424 audiuimus
453 1397 519 1423 eos
556 1384 784 1436 nuperrime
822 1384 944 1423 ueluti
974 1397 1078 1423 noua
1116 1386 1177 1434 [et]
1209 1385 1408 1436 inopinata
1440 1384 1614 1436 prodigia

190 1442 230 1480 in
261 1442 368 1481 hunc
399 1442 592 1481 mundum
625 1442 671 1480 de
702 1441 855 1480 Persica
887 1441 1107 1480 aduersaria
1139 1441 1252 1480 nobis
1275 1448 1388 1493 gente
1409 1454 1614 1493 progressa

190 1498 254 1537 uel
283 1504 366 1538 orta
399 1511 483 1537 esse
514 1505 552 1537 et
584 1498 707 1537 multa
737 1498 909 1537 facinora
941 1498 993 1537 ibi
1015 1498 1274 1545 committere,
1304 1499 1469 1550 populos
1500 1510 1615 1537 nam-

190 1567 266 1606 que
310 1555 463 1606 quietos
504 1555 732 1607 perturbare
776 1567 850 1594 nec
897 1567 975 1594 non
1021 1562 1060 1594 et
1091 1555 1314 1594 ciuitatibus
1347 1555 1514 1594 maxima
1546 1555 1615 1593 de-

194 1611 378 1651 trimenta
409 1612 601 1651 inserere:
635 1618 673 1651 et
703 1612 921 1651 uerendum
952 1617 1023 1659 est,
1056 1624 1105 1651 ne
1136 1614 1248 1657 forte,
1279 1618 1323 1651 ut
1349 1612 1433 1651 fieri
1454 1612 1613 1659 adsolet,

190 1757 474 1767 'laefsaeffoestaeaeJ-›Ar
478 1759 614 1766 2-2-2N21.

286 1875 301 1908 1
330 1884 422 1915 greg.
449 1875 537 1906 libro
564 1874 667 1913 (liber
686 1875 728 1916 B)
754 1876 803 1907 uii
829 1876 877 1915 (ui
898 1875 952 1916 V)
977 1875 1053 1915 BV,
1081 1887 1143 1908 om.
1165 1875 1221 1909 W.
1258 1876 1268 1919 Η
1302 1877 1340 1908 de
1365 1877 1443 1908 mal.
1470 1881 1504 1908 et
1528 1887 1625 1908 man..

187 1921 248 1953 sub
274 1921 376 1953 titulo
401 1919 478 1961 BV,
511 1920 550 1951 de
574 1921 650 1952 mal.
678 1925 721 1953 et.
747 1931 831 1953 man.
858 1922 932 1960 (rel.
958 1924 1039 1962 om.)
1059 1921 1115 1954 W.
1161 1922 1170 1965 Η
1212 1923 1231 1953 2
1258 1924 1335 1964 imp.
1362 1924 1426 1960 (sic
1445 1922 1487 1963 V,
1512 1922 1614 1965 impe-

187 1967 359 1999 ratoribus
379 1963 435 2005 W,
469 1966 573 2007 comp.
591 1964 635 2006 B)
660 1967 883 1999 maximianus
908 1967 1086 2005 (maximus
1105 1967 1147 2007 B)
1173 1968 1398 1999 diocletianus
1423 1968 1612 2006 (dioclicia-

186 2022 248 2043 nus
266 2011 310 2052 B)
343 2016 377 2043 et
405 2011 627 2043 maximianus
658 2014 724 2049 (sic
749 2011 787 2053 B,
820 2013 1020 2045 maximinus
1043 2011 1101 2054 W,
1133 2014 1294 2045 maximus
1322 2013 1375 2053 V)
1407 2014 1613 2045 nobilissimi

186 2057 415 2095 (nouelissimi
434 2055 476 2096 B)
503 2059 541 2088 ᾗ
566 2058 642 2095 (ffi
661 2056 765 2097 VW)
790 2057 880 2091 libri.
922 2057 932 2100 Η
974 2059 992 2090 3
1018 2060 1219 2101 proconsule
1238 2058 1276 2090 B.
1313 2059 1323 2101 Η
1355 2060 1376 2090 4
1403 2059 1484 2098 otia]
1511 2059 1613 2091 etiam

188 2101 233 2135 V.
262 2101 272 2144 Η
304 2103 565 2135 communionem
583 2102 672 2135 libri.
705 2103 715 2145 Η
746 2105 764 2134 5
790 2103 963 2143 humanae]
981 2105 1145 2136 hominem
1164 2103 1202 2136 B.
1233 2103 1244 2146 Η
1274 2105 1369 2136 modo
1386 2103 1444 2136 W.
1476 2102 1486 2145 Η
1519 2105 1537 2136 7
1563 2106 1613 2144 ut]

187 2153 221 2180 et
238 2147 311 2180 BV.
346 2146 356 2190 Η
392 2148 410 2179 8
436 2148 493 2179 sed
520 2148 578 2188 dii]
606 2148 678 2180 sedi
696 2147 735 2188 B,
766 2149 868 2181 redde
887 2148 981 2182 VW.
1016 2148 1026 2191 Η
1062 2150 1242 2182 inmortale
1261 2149 1301 2190 B,
1333 2150 1534 2182 immortalis
1554 2148 1612 2182 W.

187 2191 199 2236 Η
240 2194 259 2225 9
292 2194 463 2232 ordinare]
489 2193 570 2233 (V),
603 2204 724 2225 ornare
749 2192 805 2226 W.
855 2194 865 2237 Η
912 2200 944 2227 et
976 2205 1039 2227 om..
1068 2194 1124 2228 W.
1173 2194 1183 2237 Η
1231 2196 1393 2236 dignitati
1414 2194 1468 2228 W.
1518 2196 1528 2237 Η
1572 2198 1612 2228 10

186 2241 235 2278 ut]
261 2238 431 2279 Cm'acz'zcs,
462 2243 495 2270 et
523 2238 609 2271 libri.
664 2238 674 2281 Η
728 2245 761 2271 et
786 2241 868 2280 egr.]
900 2250 969 2280 egr.
990 2239 1085 2273 VW.
1139 2240 1149 2284 Η
1204 2243 1240 2274 11
1270 2242 1302 2272 in
1329 2242 1472 2273 inlibata
1491 2239 1547 2273 17.
1600 2239 1612 2283 Η

188 2285 228 2317 12
255 2289 489 2317 statuarentur
509 2284 552 2316 V.
595 2283 605 2326 Η
647 2285 792 2326 obuiam]
820 2286 928 2317 oniam
948 2285 992 2319 V.
1035 2284 1045 2328 Η
1090 2287 1129 2318 13
1163 2288 1283 2318 debere
1309 2285 1395 2319 libri.
1437 2284 1447 2327 Η
1494 2287 1533 2318 14
1558 2297 1613 2318 re-

185 2331 348 2370 tractare]
377 2330 434 2362 sed
460 2334 611 2361 tractare
630 2328 669 2361 B.
723 2329 734 2373 Η
786 2332 925 2372 statuta]
952 2336 1100 2364 tractata
1126 2331 1155 2362 B
1178 2333 1332 2374 fortasse
1355 2334 1450 2364 recte.
1505 2330 1515 2372 Η
1571 2331 1611 2363 15

187 2377 292 2416 snum]
320 2376 490 2416 Pithoeus,
517 2379 594 2407 sunt
618 2375 708 2407 libri.
751 2374 761 2417 Η
802 2386 934 2408 crusum
951 2376 1027 2410 BV.
1067 2376 1077 2419 Η
1116 2378 1155 2410 16
1181 2379 1310 2417 ingens]
1338 2378 1360 2409 i.
1387 2377 1474 2409 enim
1493 2375 1556 2409 Va.
1598 2376 1610 2418 Η

189 2421 228 2454 17
257 2422 301 2461 et]
328 2431 369 2452 ex
387 2420 426 2453 B.
459 2420 471 2463 Η
510 2421 548 2454 18
574 2426 685 2452 rectas
704 2419 777 2453 BV.
813 2420 823 2463 Η
857 2423 1100 2462 ueterioribus]
1129 2422 1298 2463 Cuiaec'us,
1326 2422 1552 2454 deterioribus
1571 2421 1611 2463 B,

186 2466 360 2499 ueteribus
377 2465 471 2499 VW.
497 2465 508 2507 Η
534 2467 582 2506 ut]
602 2466 687 2498 idem
705 2471 742 2498 ut
759 2467 875 2509 (eaput
892 2468 1007 2511 incip.)
1027 2468 1070 2501 V.
1097 2467 1108 2511 Η
1131 2470 1203 2510 pro]
1222 2479 1281 2510 per
1299 2468 1343 2501 V.
1371 2468 1380 2511 Η
1409 2469 1447 2500 19
1473 2478 1611 2510 prauum

187 2509 227 2542 B.
264 2511 275 2554 Η
305 2512 464 2544 diuinitas
484 2511 523 2545 B.
558 2511 568 2554 Η
603 2512 779 2554 quondam]
809 2512 979 2554 Cuiacius,
1007 2515 1160 2555 quoniam
1179 2514 1264 2546 libri.
1299 2512 1308 2554 Η
1344 2514 1386 2545 20
1413 2514 1610 2553 manichaei]

187 2558 320 2599 scm'psi,
345 2558 536 2590 manicheos
555 2556 612 2594 W,
639 2557 828 2589 manicheus
847 2557 918 2591 BV.
954 2557 964 2601 Η
1000 2560 1041 2591 21
1060 2560 1262 2598 audiuimus]
1281 2558 1321 2599 B,
1346 2559 1498 2591 audimus
1518 2557 1611 2591 717.

187 2602 202 2643 Η
239 2602 333 2634 uelut
350 2602 389 2634 B.
424 2603 435 2646 Η
466 2604 511 2644 et]
537 2602 670 2634 addidi.-
696 2602 853 2636 similiter
877 2603 1028 2636 Huschke
1071 2604 1082 2647 Η
1117 2605 1158 2636 22
1187 2605 1310 2643 perfida
1332 2603 1373 2636 V.
1407 2603 1417 2645 Η
1452 2604 1493 2636 23
1519 2614 1609 2636 Γ,ωηι-

187 2646 341 2679 mitteret
360 2647 415 2680 W.
448 2648 458 2691 Η
488 2649 629 2691 populus
646 2648 735 2680 libri.
768 2647 777 2690 Η
809 2649 852 2681 24
876 2650 1095 2692 perturbaret
1113 2649 1151 2682 B.
1183 2648 1193 2692 Η
1224 2651 1266 2682 25
1293 2649 1421 2682 inferre
1438 2650 1609 2682 Pithoeus.

189 2690 200 2734 Η
242 2692 376 2726 asolent
394 2691 472 2735 Wb,
497 2696 611 2727 solent
631 2693 710 2727 Wa.

1644 761 1686 794 10

1642 1044 1684 1079 15

1640 1330 1685 1364 ΞΟ

1641 1614 1684 1650 25
