1828 3011
229 172 422 200 coLLA'rIo
442 162 474 203 7,
495 162 582 203 5-8‚
601 174 625 198 2.
711 182 827 185 ——
891 162 974 203 164
1036 179 1151 183 -—-

229 288 288 321 est
323 283 397 327 fur,
443 281 509 332 qui
546 280 584 319 in
617 280 802 331 rapiendo
833 279 989 330 quidem
1022 278 1314 329 conprehensus
1344 290 1424 316 non
1456 283 1527 324 est,
1573 277 1643 316 sed

88 341 119 383 7,
146 352 171 382 5,
190 352 204 376 4
229 350 318 377 eum
351 338 489 376 fecisse
520 336 651 388 negari
681 349 759 375 non
781 342 921 388 potest.
972 334 1148 386 concepti
1169 334 1318 373 actione
1339 340 1505 381 tenetur,
1537 333 1641 385 apud

228 407 343 446 quem
387 396 536 433 furtum
582 400 642 432 est
685 393 905 431 inuentum.
965 391 1083 429 oblati
1122 390 1272 429 actione
1310 391 1342 429 is
1374 397 1541 437 tenetur,
1573 389 1641 440 qui

193 464 209 488 5
228 463 310 490 rem
343 450 526 490 furtiuam
561 450 609 488 ali
631 449 782 501 optulit,
813 461 863 486 ne
884 447 985 499 apud
1009 459 1049 486 se
1070 446 1326 486 inueniretur.
1374 448 1466 486 furti
1488 446 1640 485 actione

192 507 260 547 cis
297 520 408 557 agere
438 512 577 558 potest,
616 505 726 544 cuius
757 505 919 543 interest
949 515 1029 542 rem
1077 516 1156 542 non
1192 503 1350 554 perisse.
1411 503 1638 554 conceptiua
1664 502 1690 537 5

226 570 355 603 autern
388 575 499 613 agere
529 568 668 614 potest,
701 561 765 612 qui
797 573 878 599 rem
911 560 1089 611 concepit
1109 566 1148 598 et
1167 559 1331 598 inuenit.
1387 559 1505 599 oblati
1527 571 1641 610 agere

225 626 367 672 potest,
399 632 518 671 penes
549 630 664 669 quem
696 630 758 656 res
790 623 975 668 concepta
1005 616 1165 655 inuenta
1196 622 1266 655 est.

767 811 978 855 <T1Tvnvs
1004 811 1102 855 vm>

572 883 641 922 DE
685 882 870 923 FALSO
918 882 1294 923 TESTIMONIO.

84 954 117 992 8,
143 967 166 994 1,
188 966 202 989 1
281 964 421 991 MOYSES
453 951 562 991 dicit:
1666 955 1714 989 10

340 1009 377 1047 Si
410 1009 561 1047 steterit
592 1009 701 1047 testis
733 1008 902 1048 iniustus
934 1009 1120 1047 aduersus
1151 1008 1351 1047 hominem
1374 1006 1636 1047 accusandum

190 1076 410 1104 2accusans
455 1078 544 1104 eum
590 1065 812 1117 impietatis,
859 1065 1019 1104 stabunt
1060 1065 1135 1104 duo
1167 1065 1360 1109 homines,
1405 1064 1548 1115 quibus
1579 1069 1640 1102 est

223 1122 394 1161 inuicem
441 1121 649 1168 contentio,
695 1127 784 1161 ante
832 1122 945 1160 deum
994 1128 1032 1160 et
1076 1127 1164 1160 ante
1210 1121 1426 1161 sacerdotes
1469 1127 1506 1160 et
1547 1126 1639 1159 ante

189 1178 383 1224 3iudices,
423 1179 660 1229 quicumque
690 1177 835 1217 fuerint
865 1177 903 1216 in
942 1178 1015 1216 illis
1059 1178 1206 1217 diebus.
1267 1191 1355 1217 cum
1387 1176 1639 1228 inquisierint

223 1235 371 1275 iudices
403 1235 606 1285 diligenter
643 1241 681 1273 et
716 1235 901 1273 inuentus
933 1235 1050 1273 fuerit
1085 1235 1195 1273 testis
1226 1234 1394 1274 iniustus
1426 1234 1637 1273 testificans
1666 1238 1712 1272 15

190 1291 380 1338 4iniusta‚
425 1291 672 1342 insurgentes
718 1292 904 1330 aduersus
955 1303 1042 1330 eum
1091 1291 1237 1330 facietis
1284 1292 1329 1338 ei,
1376 1291 1477 1330 sicut
1512 1291 1637 1330 uoluit

189 1348 451 1387 5malefacere
497 1355 535 1386 et
579 1348 752 1386 delebitis
797 1348 941 1386 malum
983 1347 1028 1386 de
1060 1348 1188 1386 medio
1219 1354 1417 1386 uestrum:
1455 1353 1494 1386 et
1524 1347 1642 1386 ceteri

228 1404 428 1443 audientes
461 1404 654 1443 timebunt
684 1417 756 1442 nec
786 1404 984 1443 audebunt
1014 1404 1108 1442 haec
1141 1404 1238 1443 mala
1269 1406 1393 1443 facere
1423 1403 1526 1443 inter
1554 1416 1641 1442 uos.

85 1461 119 1499 8,
145 1473 168 1500 2,
194 1473 209 1496 1
291 1473 431 1500 PAVLVS
462 1461 559 1499 libro
591 1460 775 1511 singulari
806 1461 852 1499 de
882 1460 1016 1512 poenis
1055 1460 1231 1499 omnium
1262 1461 1389 1511 legum
1423 1460 1495 1499 sub
1526 1460 1642 1499 titulo

387 1517 433 1556 ad
463 1517 584 1568 legem
616 1517 752 1555 Iuliam
786 1517 832 1555 de
863 1516 1068 1556 adulteris:
1664 1520 1713 1555 20

340 1573 414 1620 Qui
446 1574 585 1612 salsum
620 1573 887 1612 testimonium
920 1573 1070 1618 dixerit,
1101 1573 1264 1625 proinde
1293 1573 1500 1621 tenebitur,
1531 1585 1576 1612 ac
1605 1573 1638 1612 si

228 1629 310 1681 lege
342 1630 515 1669 Cornelia
546 1631 836 1669 testamentaria
868 1630 1072 1669 damnatus
1109 1636 1223 1669 esset.

312 1731 338 1752 c.
362 1722 389 1753 1.
430 1721 609 1753 Deuteron.
641 1721 696 1753 19;
723 1722 797 1761 (16)
820 1719 885 1754 ἐὰν
909 1720 946 1754 δὲ
969 1721 1125 1766 καταστῇ
1149 1732 1286 1771 μαρτυς
1310 1716 1434 1756 ἄδικος
1458 1717 1549 1753 κατὰ
1575 1716 1638 1754 ἀν-

223 1763 374 1807 θρωποι
390 1768 544 1820 καταλέγ
546 1777 596 1798 ωι
612 1764 721 1798 αὐτοῦ
737 1763 916 1808 ἀσεβειάν,
934 1769 965 1806 (1
974 1768 1007 1806 7)
1023 1768 1082 1798 καὶ
1101 1762 1288 1808 στήσονται
1307 1765 1340 1798 οἱ
1357 1759 1421 1798 δύο
1438 1763 1639 1810 α’νθρωποι

221 1815 273 1848 οἱς
297 1812 392 1845 ἐστὶν
416 1809 536 1847 αὐτοῖς
559 1809 580 1853 ἡ
605 1808 788 1864 ἀντιλογία
813 1811 934 1845 ἔναντι
957 1814 1082 1855 κυρίου
1105 1813 1165 1844 καὶ
1191 1810 1307 1845 ἔναντι
1333 1812 1404 1843 τῶν
1429 1811 1553 1857 ιερέων
1575 1812 1639 1843 καὶ

219 1855 338 1890 ἔιανῐι
361 1856 431 1891 τῶν
452 1857 582 1899 κριτῶν
607 1869 640 1889 οι
666 1853 711 1889 ἂν
736 1855 826 1889 ὦσιν
852 1857 890 1890 ἐν
907 1859 984 1893 ταῖς
1003 1843 1155 1909 ἡαέραις
1171 1856 1329 1898 ἐκείναις,
1354 1857 1426 1898 (18)
1439 1858 1500 1889 καὶ
1522 1850 1641 1894 ἕξετα-

222 1911 334 1935 σωσιν
357 1902 391 1934 οἱ
414 1903 527 1945 κριταὶ
554 1899 716 1945 ἁκριβως,
747 1904 807 1935 καὶ
834 1901 911 1934 ἰδοῦ
935 1896 1072 1947 μάρτυς
1097 1899 1225 1942 ἄδικος,
1249 1899 1495 1958 ἐμαρτύρησεν
1520 1899 1641 1953 α’δικα,

222 1944 371 1989 ἀντέστη
402 1947 490 1980 κατὰ
521 1949 583 1980 τοῦ
608 1946 766 2001 ἀδελφοῦ
792 1946 914 1988 αὐτοῦ,
947 1949 1020 1988 (19)
1044 1949 1105 1980 καὶ
1130 1946 1294 1990 ποιήσετε
1319 1947 1411 1991 αὐτῷ
1437 1945 1480 1982 ὃν
1501 1942 1641 2001 τρόπον

219 1988 484 2046 ἐπονηρεύσατο
510 1993 658 2034 ποιῆσαι
684 2005 770 2026 κατα
797 1995 861 2025 τοῦ
878 1990 1036 2046 ἀδελφοῦ
1053 1991 1170 2034 αὐτοῦ,
1194 1995 1253 2026 καὶ
1270 1993 1405 2045 ἒξαρεῖς
1420 1993 1458 2026 τὸ
1477 1992 1640 2045 πονηρὸν

219 2038 257 2075 ἐξ
279 2036 382 2089 ὑμῶν
398 2037 529 2071 αὐτῶν·
556 2040 629 2080 (20)
644 2040 703 2071 καὶ
720 2039 754 2071 οἱ
776 2038 958 2072 ἐπίλοιποι
978 2037 1197 2075 ἀκούσαντες
1213 2024 1486 2093 ᾳοβηθήσονται
1510 2039 1571 2091 καιὶ
1597 2050 1644 2070 ου

222 2078 522 2152 προσθήσουσιν
531 2083 580 2117 ἔτι
612 2085 765 2125 ποιῆσαι
794 2082 882 2116 κατὰ
912 2082 950 2116 τὸ
976 2084 1071 2130 ῥῆμα
1096 2082 1136 2116 τὸ
1161 2083 1326 2128 πονηρὸν
1349 2085 1453 2118 τοῦτο
1478 2083 1516 2118 ἐν
1540 2080 1638 2126 ὑμῖν.

1428 2148 1434 2150 .
1445 2147 1452 2151 .
1462 2147 1472 2151 ,.
1480 2145 1639 2152 ,μή-Μίκκφ

316 2178 326 2209 1
358 2178 402 2216 in]
428 2177 515 2209 intra
534 2146 571 2209 Β.
608 2176 619 2220 ll
653 2147 824 2220 rapiendo]
850 2177 1001 2210 faciendo
1020 2178 1160 2211 Paulus.
1195 2178 1206 2222 ΙΙ
1240 2180 1465 2222 deprehensus
1490 2177 1636 2209 Paulus.

222 2221 232 2264 11
274 2223 293 2254 2
325 2222 461 2262 secisse]
493 2223 616 2254 furtum
646 2222 666 2254 f.
694 2223 832 2256 Paulus.
876 2223 886 2266 1}
928 2226 1076 2264 tenetur]
1108 2225 1138 2256 is
1163 2229 1188 2257 t.
1214 2223 1353 2257 Paulus.
1394 2223 1405 2267 ΙΙ
1444 2226 1519 2266 post
1542 2228 1637 2255 tene-

221 2274 279 2299 tur
304 2269 366 2299 ins.
393 2269 525 2310 quidem
550 2268 708 2300 furtiuum
737 2267 813 2300 Wa.
843 2267 857 2307 ΙΙ
886 2269 904 2300 3
932 2275 984 2301 est
1009 2269 1191 2309 inuentum]
1218 2270 1403 2312 quaesitum
1430 2273 1464 2301 et
1488 2269 1557 2300 inu.
1583 2273 1638 2300 est

222 2313 361 2345 Paulus.
416 2312 426 2355 Ι]
469 2313 510 2353 is]
536 2314 587 2345 his
613 2313 712 2354 Bm,
738 2324 801 2345 om.
832 2313 950 2347 VaW.
982 2313 993 2357 ΙΙ
1023 2315 1079 2357 qui
1106 2317 1186 2354 rein]
1214 2316 1344 2357 quidem
1362 2313 1422 2346 W.
1465 2312 1476 2355 ΙΙ
1510 2315 1529 2345 4
1554 2314 1637 2345 mali

224 2357 316 2391 VW.
353 2358 362 2402 [Ι
393 2359 499 2390 obtuli
519 2357 575 2391 W.
610 2358 620 2399 ΙΙ
655 2369 690 2391 se
716 2359 940 2399 inueniretur]
966 2371 1034 2392 rem
1061 2361 1233 2392 inuenitur
1249 2358 1305 2393 W.
1341 2358 1352 2402 Η
1386 2360 1556 2391 accionem
1581 2359 1638 2390 his

224 2403 297 2444 BV,
327 2403 491 2436 actionem
518 2405 568 2436 ira
596 2403 652 2436 W.
692 2402 703 2447 Η
745 2405 762 2435 5
791 2406 928 2445 perisse]
961 2406 1149 2447 perdidisse
1182 2406 1310 2438 Paulus
1343 2407 1440 2437 recte.
1493 2404 1503 2447 ΙΙ
1557 2415 1637 2435 con-

224 2450 355 2491 ceptiua
381 2451 504 2489 autem]
534 2449 686 2489 concepti
719 2449 748 2481 is
773 2450 913 2482 Paulus.
955 2450 965 2493 ΙΙ
1007 2450 1026 2481 6
1052 2451 1108 2493 qui
1133 2461 1161 2482 r.
1191 2462 1220 2482 c.
1249 2456 1283 2483 et
1307 2451 1329 2482 i.
1354 2450 1461 2481 oblati
1487 2449 1635 2489 <oblatae

224 2494 263 2530 B
291 2505 318 2525 a.
348 2499 457 2536 potest
481 2505 544 2526 om.
574 2493 664 2527 VW.
706 2493 717 2537 Η
757 2498 869 2535 agere]
899 2496 928 2528 is
955 2506 1055 2537 agere
1079 2496 1222 2528 Paulus.
1264 2494 1275 2537 Η
1317 2496 1333 2526 7
1361 2499 1519 2537 concepta
1541 2493 1637 2536 VW,

224 2546 381 2582 concepta
409 2545 443 2572 et
466 2539 603 2580 Paulus,
640 2541 793 2581 concepti
814 2541 850 2580 Β,
876 2546 1035 2584 concepta
1060 2541 1092 2573 id
1119 2547 1171 2573 est
1196 2542 1365 2573 Pltlzoeus.
1407 2538 1418 2582 ΙΙ
1463 2541 1498 2572 11
1527 2545 1636 2572 testes

224 2585 262 2616 Β.
304 2584 314 2618 ΙΙ
360 2585 396 2618 13
424 2587 625 2626 contemptio
656 2585 695 2617 Β.
738 2583 748 2627 ΙΙ
792 2586 831 2618 16
869 2587 899 2618 ei
931 2597 994 2619 om.
1022 2585 1079 2618 W.
1120 2585 1131 2629 ΙΙ
1175 2587 1214 2618 17
1240 2586 1363 2618 deletis
1400 2585 1473 2627 BV,
1506 2585 1636 2618 delebit

226 2628 282 2662 W.
324 2629 334 2672 ¹¹
375 2631 517 2662 medium
552 2631 590 2663 B.
632 2630 645 2673 ΙΙ
684 2631 809 2662 ceteris
848 2631 888 2664 V.
934 2631 944 2674 ΙΙ
988 2632 1026 2665 19
1065 2632 1182 2674 paulus
1214 2631 1303 2663 libro
1337 2631 1440 2669 (liber
1468 2630 1510 2672 B)
1535 2631 1638 2670 sing]¹

225 2675 307 2706 idem
324 2653 388 2715 'JV'
422 2685 483 2707 om.
506 2675 550 2708 V.
592 2675 603 2718 ΙΙ
643 2676 737 2707 tituli
757 2674 813 2708 W.
853 2675 865 2719 H
906 2677 948 2709 20
974 2677 1048 2718 lege
1073 2677 1110 2709 B.
1153 2676 1163 2719 ΙΙ
1205 2677 1243 2709 21
1273 2676 1424 2708 dixerint
1449 2675 1488 2708 B.
1529 2676 1543 2717 ll
1583 2676 1638 2713 ac]

226 2720 305 2752 haec
325 2719 381 2752 JV.
421 2719 432 2763 ΙΙ
473 2721 515 2753 22
541 2731 615 2754 esse
632 2720 725 2754 VW.
