1828 3011
230 147 411 174 coxsvlsr.
426 138 459 182 4,
479 137 565 180 6-5,
580 150 603 174 3.
718 162 835 167 —
899 138 981 178 208
1044 161 1160 166 —-

134 256 167 299 4,
194 266 211 290 6
342 255 436 294 Post
465 267 547 293 rem
581 255 786 294 iudicatam
818 260 987 305 pactum,
1019 253 1095 291 nisi
1127 253 1343 292 donationis
1375 266 1489 293 causa
1520 253 1643 292 inter-

229 317 409 363 ponatur,
442 311 589 350 seruari
621 324 699 349 non
730 317 876 362 potest:
909 310 973 348 lib.
1006 309 1021 347 I
1052 309 1110 348 tit.
1143 310 1188 348 de
1220 315 1400 348 transact.

137 367 170 411 4,
196 378 211 405 7
287 368 384 407 Item
417 367 551 406 eodem
583 367 647 405 lib.
681 373 718 405 et
750 367 825 405 tit:

342 424 476 475 Neque
521 429 655 462 contra
699 423 802 473 leges
844 434 969 472 neque
1013 426 1146 459 contra
1183 420 1305 459 bonos
1340 434 1469 460 mores
1504 421 1646 473 pacisci

230 493 453 532 possumus.
472 479 526 518 De
543 479 773 518 criminibus
791 483 950 529 propter
966 476 1163 515 infamiam
1183 489 1298 515 nemo
1316 489 1403 516 cum
1422 477 1643 517 aduersario
1694 481 1715 515 5

229 537 371 587 pacisci
402 541 541 587 potest.

134 592 166 634 4,
195 604 210 626 8
287 594 394 632 Idem
426 592 490 630 lib.
524 591 574 629 III
609 590 664 629 tit.
697 590 743 628 de
774 589 925 628 institu.
957 588 1110 627 hered.:

340 649 455 687 Pacta
488 647 549 685 uel
581 646 828 685 condiciones
860 651 994 684 contra
1025 645 1127 695 leges
1159 645 1221 683 uel
1252 645 1403 683 decreta
1425 645 1644 697 principum

231 705 290 743 uel
324 705 445 743 bonos
478 715 606 741 mores
638 702 782 741 nullius
815 708 907 741 sunt
937 702 1139 740 momenti.

135 755 168 798 4,
194 770 210 795 9
287 761 342 798 Ex
379 772 540 810 corpore
572 758 874 809 Hermogeniani
906 759 963 797 tit.
996 759 1041 797 de
1073 764 1171 809 pact.
1204 764 1242 796 et
1272 763 1474 796 transact:
1677 762 1719 796 10

341 817 465 867 Impp.
495 815 757 854 Diocletianus
779 821 818 853 et
839 814 1095 854 Maximianus
1116 815 1191 852 AA.
1217 813 1456 852 Sebastiano.
1516 812 1649 863 Neque

230 886 275 911 ex
314 873 420 910 nudo
450 871 624 910 nascitur
660 877 773 922 pacto
804 871 920 918 actio,
960 883 1086 921 neque
1124 870 1155 909 si
1194 876 1327 908 contra
1366 870 1488 909 bonos
1521 881 1648 908 mores

231 929 440 967 uerborum
474 929 694 966 intercessit
725 927 925 978 obligatio,
959 940 1004 965 ex
1036 927 1095 965 liis
1127 926 1319 966 actionem
1352 926 1434 965 dari
1465 924 1650 965 conuenit

230 992 268 1024 et
298 985 458 1036 reliqua.
491 984 564 1022 PP.
598 984 667 1022 IIII
698 984 772 1022 kal.
805 984 889 1022 Iun.
922 983 1059 1022 iisdem
1092 996 1217 1022 conss.
1668 1005 1691 1022 a.
1712 999 1763 1024 293

116 1039 147 1081 4,
174 1055 208 1079 10
285 1041 382 1080 Item
415 1041 548 1080 eodem
583 1052 744 1092 corpore
777 1046 814 1079 et
844 1040 928 1078 lib.:
1676 1051 1718 1086 15

339 1098 458 1136 Iidem
491 1097 566 1135 AA.
599 1103 638 1135 et
669 1097 738 1135 CC.
780 1096 912 1135 Flauio
950 1095 1160 1134 Rumitalo.
1225 1096 1331 1134 Inter
1361 1101 1487 1133 cetera
1525 1101 1564 1132 et
1601 1093 1648 1132 ad

228 1155 376 1192 locum:
410 1154 570 1192 Pactum
602 1166 728 1204 neque
760 1158 894 1191 contra
927 1153 1049 1191 bonos
1081 1164 1210 1190 mores
1238 1164 1365 1203 neque
1388 1156 1521 1190 contra
1542 1151 1646 1201 leges

229 1210 416 1248 emissum
450 1210 553 1248 ualet
585 1216 623 1248 et
652 1209 760 1260 reliq.
795 1209 868 1247 PP.
900 1209 984 1247 id..
1010 1238 1044 1246 ..
1077 1208 1152 1246 AA.
1187 1221 1313 1247 conss.
1668 1224 1692 1242 a.
1712 1218 1764 1243 293

119 1273 147 1312 4,
177 1285 209 1308 ι]
286 1266 383 1304 Item
417 1266 551 1304 eodem
586 1278 746 1317 corpore
777 1271 816 1303 et
847 1265 926 1304 tit.:

342 1323 461 1361 Iidem
494 1323 570 1360 AA.
603 1328 641 1360 et
662 1321 732 1360 CC.
757 1321 950 1359 Zeuxiano
973 1320 1180 1359 Antonino.
1231 1320 1348 1359 Pacto
1373 1318 1646 1358 transactionis
1673 1330 1717 1364 20

228 1378 375 1417 exactio
406 1378 564 1417 iudicati
596 1390 674 1415 non
707 1378 866 1416 tollitur.
918 1376 1020 1415 unde
1052 1376 1083 1415 si
1114 1383 1223 1426 pater
1251 1382 1342 1415 tuus
1364 1376 1645 1414 condemnatus

227 1435 369 1473 iudicio
400 1441 490 1485 post
521 1433 706 1483 transegit
746 1439 784 1471 et
823 1433 951 1479 soluit,
990 1432 1183 1470 solutione
1215 1432 1336 1483 magis
1367 1444 1483 1482 quam
1517 1438 1646 1470 trans-

228 1491 378 1529 actione
410 1497 520 1528 tuum
555 1490 717 1528 defende
747 1489 959 1540 negotium,
997 1495 1035 1527 et
1065 1488 1174 1539 reliq.
1205 1488 1280 1526 PP.
1310 1488 1430 1527 XVIII
1460 1487 1534 1525 kal.
1566 1488 1644 1526 Ian.

227 1547 321 1597 ipsis
352 1547 428 1585 AA.
462 1559 587 1585 conss.
1665 1571 1690 1588 a,
1709 1564 1761 1590 293

133 1607 165 1650 5,
193 1620 207 1642 1
341 1603 384 1641 In
417 1603 475 1641 dei
507 1602 666 1641 nomine
698 1602 790 1652 quid
824 1601 977 1640 tractari
1009 1601 1157 1647 debeat,
1189 1600 1369 1651 quotiens
1400 1599 1645 1639 aduersarius
1672 1611 1715 1646 25

227 1659 353 1710 aliqua
385 1659 457 1698 sibi
490 1659 637 1709 direpta
675 1658 826 1697 sublata
847 1657 1044 1709 proposita
1066 1657 1233 1696 intendit
1254 1657 1405 1696 actione
1427 1668 1644 1708 reposcere.

132 1723 164 1765 5,
191 1736 205 1758 2
226 1716 401 1754 I'rimore
431 1716 471 1753 in
503 1715 586 1754 loco
610 1715 722 1753 debet
743 1727 951 1765 personam
974 1726 1098 1759 suam,
1130 1726 1228 1764 quae
1250 1713 1299 1752 sit
1320 1714 1367 1752 ad
1389 1712 1643 1764 repetendum

225 1773 376 1815 idonea,
393 1771 595 1810 euidenter
613 1772 836 1810 ostendere:
855 1777 893 1809 et
909 1771 1002 1809 dum
1021 1770 1203 1808 claruerit
1221 1782 1309 1808 eum
1329 1770 1374 1808 ad
1389 1769 1644 1821 repetendum

224 1840 432 1880 personam
464 1828 606 1866 habere
637 1827 862 1878 legitimam,
894 1826 934 1864 in
965 1838 1105 1877 genere
1132 1826 1294 1865 actionis
1316 1826 1409 1877 quid
1430 1831 1497 1865 aut
1518 1837 1645 1876 quan-

228 1894 324 1931 tum,
356 1892 422 1923 aut
453 1897 548 1934 quas
580 1884 739 1935 species,
771 1884 810 1922 in
843 1883 1004 1922 modum
1037 1889 1075 1921 et
1106 1894 1330 1921 mensuram
1353 1883 1416 1921 uel
1447 1893 1641 1920 summam
1671 1893 1716 1928 30

225 1948 262 1980 et
293 1942 550 1991 quantitatem
583 1940 697 1979 debet
728 1939 944 1991 specialiter
981 1939 1182 1989 designare
1214 1945 1251 1978 et
1281 1938 1546 1978 indubitanter
1576 1949 1644 1976 ex-

131 2004 163 2046 5,
191 1998 408 2049 sprimere.
469 1997 575 2043 Quae
606 1997 788 2035 uniuersa
820 1996 1035 2034 secundum
1076 1996 1178 2046 leges
1218 1995 1353 2034 subter
1393 1995 1558 2034 adnexas
1605 1994 1645 2032 hi

226 2054 293 2104 qui
324 2054 531 2092 iudicaturi
563 2059 655 2091 sunt
685 2052 891 2103 petitorem
923 2052 1084 2103 implere
1117 2052 1375 2103 compellunt:
1409 2051 1476 2102 qui
1514 2051 1547 2090 si
1577 2056 1644 2089 aut

371 2154 403 2192 4,
428 2154 447 2185 6
465 2168 508 2178 z
526 2152 626 2184 Paul.
654 2155 682 2191 1,
712 2153 739 2192 1,
766 2153 829 2183 5a.

371 2199 403 2238 4,
432 2199 448 2228 7
467 2197 622 2228 :Paut
652 2197 681 2237 1,
709 2198 736 2238 1,
764 2198 794 2229 4.
824 2198 852 2228 7.

368 2244 401 2319 Ξ,
429 2243 446 2274 8
468 2257 511 2267 =
529 2241 626 2273 Paul.
654 2242 685 2282 3,
710 2242 775 2279 4b,
802 2242 831 2273 ⁴2.

316 2164 342 2185 c.

318 2209 346 2230 c.

316 2254 342 2275 c.

316 2298 343 2319 c.
393 2313 401 2328 ,
426 2288 444 2319 9
471 2289 574 2330 iunge
599 2296 676 2318 cum
703 2286 779 2318 Cocl.
805 2286 888 2318 Just.
916 2288 945 2327 7,
975 2287 1026 2326 16,
1053 2287 1093 2318 24
1120 2288 1160 2325 (s.
1187 2285 1242 2318 ΠΙΙ
1267 2286 1297 2317 k.
1323 2285 1388 2317 Ian.
1407 2285 1478 2317 AA.
1505 2288 1640 2325 conss).

293 2381 306 2387 .›
310 2380 712 2387 .*JJWer'v'N'*'*-l⁴—'³-'va*aeae.lxm'fJ-1‘l
716 2380 744 2386 γ’»
748 2384 753 2385 γ
757 2380 824 2386 ⁷⁴⁷2«)
828 2380 857 2385 1,»
861 2380 1003 2386 .»μ;«κ.»]««
1008 2380 1086 2386 aelfw-⁷
1090 2380 1135 2386 sve>
1139 2379 1264 2386 cuppas-ras
1397 2378 1613 2385 Nvlwsaewffssaess
1617 2378 1641 2384 >fl

317 2446 334 2477 S
360 2450 456 2488 pacta
486 2445 540 2476 uel
567 2455 629 2477 om.
656 2444 753 2476 Paul.
808 2444 818 2487 ΙΙ
872 2445 925 2476 uel
953 2446 1056 2484 decr.]
1083 2449 1116 2476 et
1142 2445 1231 2476 decr.
1257 2443 1352 2475 Paul.
1407 2442 1418 2485 Η
1472 2443 1491 2474 9
1517 2445 1641 2482 mores]

225 2501 332 2522 mores
358 2491 550 2532 adscriptae
575 2489 671 2522 Paul.
714 2489 725 2532 Η
771 2490 809 2522 12
834 2496 931 2532 pacto
958 2491 1109 2522 nascitur
1135 2488 1206 2521 Cui.
1228 2488 1323 2522 1566.
1366 2487 1376 2530 Η
1422 2489 1461 2521 15
1487 2488 1559 2527 lib.]
1588 2489 1642 2520 tit.

223 2546 287 2567 scr.
314 2534 528 2576 (Schultt'ng).
578 2534 588 2578 ΙΙ
638 2535 678 2568 16
705 2540 739 2567 et
764 2546 811 2567 cc.
838 2546 902 2567 om.
930 2535 998 2568 Cui.
1027 2535 1122 2568 1566.
1166 2533 1176 2576 ΙΙ
1218 2533 1387 2572 rumitalo]
1416 2533 1640 2565 rhoemetalco

225 2581 422 2613 Mommsen.
458 2579 468 2623 Η
505 2582 544 2612 18
573 2581 615 2612 id.
644 2580 715 2612 Cui.
739 2581 835 2612 1577.
866 2581 962 2622 1586,
989 2580 1108 2612 iisdem
1136 2580 1205 2611 Cui.
1234 2579 1329 2611 1566.
1366 2577 1376 2620 [Ι
1411 2579 1452 2610 20
1479 2579 1640 2610 zeuxiano

226 2626 296 2658 Cui.
326 2627 423 2659 1577.
459 2626 561 2665 1586,
598 2626 733 2657 zotiano
771 2626 842 2657 Cui.
873 2626 967 2658 1566.
1010 2624 1020 2667 Η
1062 2626 1102 2656 23
1135 2625 1232 2666 reliq.
1270 2624 1337 2655 Cui.
1369 2624 1471 2665 1586,
1507 2628 1640 2656 caetera

228 2671 300 2703 Cui.
333 2672 428 2704 1566.
470 2671 481 2714 ΙΙ
522 2670 647 2704 XVIIII
674 2670 742 2703 Cui.
773 2671 869 2703 1566.
897 2671 995 2712 1577,
1020 2669 1144 2703 XVIIII
1172 2669 1243 2701 Cui.
1271 2669 1367 2701 1586.
