1823 3016
646 159 763 163 —
828 135 907 175 141
973 159 1090 162 —
1270 136 1520 177 COLLA'HOI,
1545 147 1591 172 11.

20 259 51 301 1,
64 270 136 299 11‚1
216 265 398 292 valanvs
429 252 528 292 libro
559 258 598 292 et
629 253 741 292 titulo
772 252 839 304 qui
869 265 1007 304 supra:

274 309 372 348 Cum
410 310 566 360 quidam
614 323 682 361 per
718 310 917 350 lasciuiam
959 322 1114 348 causam
1154 309 1292 347 mortis
1332 309 1587 359 praebuisset,

158 366 442 418 conprobatum
482 373 541 405 est
578 366 724 406 factum
765 367 925 406 Taurini
964 366 1099 417 Egnati
1137 365 1382 417 proconsulis
1415 366 1589 404 Baeticae

158 436 178 462 a
225 423 315 463 ‹liuo
362 423 576 470 Hadriano,
635 424 738 475 quod
785 436 873 463 eum
919 423 959 462 in
1005 423 1318 474 quinquennium
1366 422 1588 472 relegasset.

123 494 139 518 2
159 480 278 519 uerba
303 480 599 519 consultationis
622 488 660 519 et
687 481 867 532 rescripti
888 481 939 519 ita
962 493 1002 519 se
1023 480 1188 519 habent:
1220 480 1337 517 ‘Inter
1368 478 1585 525 Claudium,
1616 484 1637 519 5

159 537 320 588 ‘optime
350 536 575 588 imperator,
608 543 646 576 et
676 537 898 576 Euaristum
931 537 1109 587 cognoui,
1142 537 1245 588 quod
1284 536 1467 575 Claudius
1492 535 1590 586 Lupi

159 594 274 633 ‘filius
305 593 345 632 in
377 594 573 640 conuiuio,
607 595 698 633 dum
733 608 823 645 sago
854 595 1032 641 iactatur,
1070 594 1180 645 culpa
1213 593 1306 632 Mari
1337 593 1506 632 Euaristi
1538 593 1589 631 ita

158 651 272 689 ‘male
304 657 486 702 acceptus
517 651 647 698 fuerit,
680 658 724 690 ut
754 659 842 703 post
869 652 970 690 diem
995 651 1174 702 quintum
1200 657 1432 689 moreretur.
1473 656 1589 701 atque

158 707 380 759 ‘adparebat
411 708 556 746 nullam
589 708 832 747 inimicitiam
865 721 953 747 curn
988 708 1166 747 Euaristo
1198 709 1231 747 ei
1263 707 1395 746 fuisse.
1458 713 1589 746 tamen

158 764 395 816 ‘cupiditatis
427 765 538 816 culpa
570 766 828 804 coercendum
861 765 1018 812 credidi,
1051 771 1095 804 ut
1116 764 1232 803 ceteri
1255 765 1429 803 eiusdem
1452 763 1588 803 aetatis
1619 771 1662 806 10

157 821 334 860 ‘iuuenes
379 822 693 861 emendarentur.
753 822 919 873 ideoque
955 821 1075 861 Mario
1119 821 1300 860 Euaristo
1345 822 1442 860 urbe
1483 820 1589 860 Italia

157 878 371 929 ‘prouincia
409 879 559 918 Baetica
600 879 640 918 in
678 879 992 930 quinquennium
1039 878 1221 917 interdixi
1260 885 1297 917 et
1334 878 1501 925 decreui,
1545 883 1590 916 ut

157 935 344 987 ‘impendi
390 948 504 974 causa
547 936 623 975 duo
669 936 775 974 milia
820 936 921 987 patri
962 935 1046 974 eius
1091 936 1334 986 persolueret
1370 935 1587 981 Euaristus,

119 993 275 1043 3‘quod
322 993 527 1031 manifesta
570 993 654 1031 eius
696 994 823 1031 fuerat
858 992 1093 1044 paupertas!
1154 992 1313 1041 Werba)
1351 991 1587 1043 r(escripti):

155 1049 339 1088 ‘Poenam
362 1049 456 1087 Mari
478 1048 648 1087 Euaristi
679 1055 794 1101 recte,
827 1049 1008 1099 Taurine,
1040 1049 1266 1087 moderatus
1294 1061 1334 1087 es
1356 1049 1402 1087 ad
1425 1049 1587 1087 modum
1618 1056 1659 1092 15

156 1106 325 1157 ‘culpaez
361 1107 482 1145 refert
512 1106 617 1144 enim
650 1112 688 1145 et
717 1106 758 1144 in
790 1105 1005 1144 maioribus
1037 1105 1200 1151 delictis,
1232 1106 1411 1144 consulto
1443 1105 1588 1156 aliquid

117 1176 134 1199 4
157 1162 400 1201 ‘admittatur
430 1175 477 1201 an
509 1162 623 1202 casu'.
676 1169 715 1201 et
745 1175 837 1201 sane
868 1162 908 1201 in
931 1162 1115 1202 omnibus
1138 1162 1367 1201 criminibus
1390 1161 1588 1201 distinctio

245 1259 273 1280 c.
301 1248 339 1280 11
360 1263 405 1274 =
421 1248 501 1290 Dig.
527 1248 583 1289 48,
610 1248 642 1288 8,
666 1249 700 1289 4,
726 1251 754 1282 1.

153 1294 356 1383 γιρίὲἦὶῌ,
385 1293 404 1325 3
430 1294 538 1326 refert
565 1299 599 1326 et
622 1312 666 1317 -
689 1295 710 1326 4
736 1294 915 1326 admittere
939 1308 983 1319 =
1000 1293 1079 1336 Dig.
1105 1294 1161 1334 48,
1184 1293 1234 1334 19,
1251 1293 1282 1334 5,
1301 1293 1332 1333 2,
1357 1295 1458 1335 qnasi
1479 1296 1589 1325 essent

862 1404 911 1410 m
919 1404 1121 1410 mvwvvv-IJ
1124 1404 1170 1410 «W
1286 1402 1581 1409 smmwvvxrsms-

667 1403 763 1410 ‘W

249 1435 260 1465 1
290 1432 378 1464 libro
406 1443 470 1465 om.
498 1432 538 1465 V.
579 1431 595 1476 ΙΙ
637 1435 706 1475 qui]
734 1432 792 1473 W,
823 1434 906 1475 quod
933 1432 1009 1473 BV,
1041 1444 1104 1475 quo
1133 1432 1230 1465 Char.
1270 1431 1286 1476 ΙΙ
1326 1433 1345 1464 2
1372 1443 1429 1474 per
1454 1442 1520 1464 om.
1547 1433 1586 1464 B.

152 1475 168 1521 ΙΙ
197 1477 388 1517 lasciuiam]
413 1479 435 1510 l.
462 1479 596 1511 nimiam
620 1479 675 1511 W.
710 1476 725 1522 ΙΙ
759 1478 778 1510 3
803 1479 934 1510 taurini
960 1480 1086 1519 egnati]
1105 1478 1142 1517 Β,
1170 1479 1298 1510 taurini
1324 1478 1450 1519 egnatii
1474 1478 1586 1518 Char„

150 1528 176 1555 t.
209 1525 319 1564 ergati
346 1523 391 1563 V,
427 1528 451 1556 t.
481 1524 606 1556 heriati
638 1524 695 1564 17,
732 1525 854 1564 ignatii
878 1530 901 1557 t.
928 1524 1006 1566 Dig.
1044 1522 1059 1568 ΙΙ
1101 1525 1233 1556 ueticae
1259 1524 1348 1563 BIV,
1385 1524 1513 1555 uettice
1540 1523 1583 1555 V.

150 1566 166 1612 ΙΙ
195 1569 216 1600 4
242 1570 466 1611 quinquennio
487 1568 543 1602 W.
572 1568 587 1613 ΙΙ
621 1570 639 1601 5
665 1570 768 1601 uerba
795 1588 839 1592 —
863 1572 883 1602 6
911 1572 1034 1612 optime
1061 1580 1124 1601 om.
1145 1569 1187 1602 V.
1217 1567 1232 1613 ΙΙ
1260 1569 1532 1608 consultationis]
1559 1569 1587 1600 Β

150 1613 284 1655 (inde-v)
317 1614 366 1647 W
391 1614 507 1655 Char„
544 1616 790 1648 consolationis
821 1615 850 1647 Β
886 1616 1014 1656 (zema).
1045 1613 1074 1658 ἸΙ
1120 1616 1294 1648 habentem
1329 1613 1425 1655 BW,
1462 1616 1587 1646 habent

150 1661 275 1692 uellem
302 1662 499 1700 [rescribas]
529 1662 627 1693 Char.
679 1659 694 1705 ΙΙ
746 1661 900 1693 (laudium
928 1660 986 1703 W,
1022 1661 1166 1692 clodium
1198 1660 1226 1692 B
1252 1661 1353 1693 Clzar.
1398 1659 1413 1704 ΙΙ
1460 1662 1479 1692 6
1506 1661 1584 1702 imp.

150 1704 190 1746 Β,
217 1707 415 1747 imperatori
441 1706 498 1739 W.
538 1705 553 1750 ΙΙ
591 1712 625 1739 et
650 1717 715 1738 om.
743 1706 786 1740 V.
822 1705 837 1750 ΙΙ
873 1707 1069 1745 euaristum]
1096 1706 1207 1747 B2W‚
1235 1708 1405 1739 euaristus
1432 1706 1476 1746 V,
1503 1717 1585 1738 eum

149 1751 271 1783 ristum
296 1751 355 1784 Bl.
391 1750 406 1795 ΙΙ
443 1753 603 1793 cognouit
628 1752 665 1784 Β.
710 1750 725 1796 ΙΙ
763 1753 897 1792 gladius
922 1752 961 1791 Β,
997 1752 1126 1783 clodius
1155 1751 1253 1784 Char.
1292 1750 1308 1796 ΙΙ
1347 1752 1440 1794 Iuppi
1466 1752 1537 1784 BV.
1564 1749 1579 1794 ΙΙ

150 1796 167 1826 7
195 1797 357 1837 iactatur]
387 1798 497 1837 Char„
523 1799 671 1831 lactatur
696 1798 732 1837 Β,
761 1799 882 1830 ietitur
910 1797 968 1838 17,
994 1798 1132 1829 iettitur
1158 1797 1202 1830 V.
1243 1796 1258 1842 ΙΙ
1296 1798 1393 1839 culpa
1420 1799 1516 1836 mari]
1541 1798 1584 1837 V,

149 1843 280 1884 culpam
298 1854 395 1874 manu
412 1843 451 1883 B,
477 1843 605 1886 cuipam
623 1854 642 1876 a
658 1844 765 1875 mario
786 1842 842 1883 W,
869 1844 965 1885 culpa
990 1854 1088 1875 manu
1106 1844 1204 1876 marii
1225 1844 1323 1876 Clzar.
1354 1841 1369 1887 ΙΙ
1396 1843 1415 1875 8
1442 1844 1527 1874 mele
1544 1843 1584 1883 B,

148 1889 250 1920 melle
279 1887 336 1929 W,
363 1889 469 1920 melea
490 1889 534 1921 V.
573 1888 588 1933 ΙΙ
627 1890 830 1930 moreretur]
857 1895 1082 1921 commoretur
1109 1888 1188 1928 Wl,
1216 1894 1483 1922 commoraretur
1504 1887 1581 1921 W2.

150 1931 165 1976 ΙΙ
206 1934 225 1965 9
255 1935 348 1966 nulla
380 1934 560 1966 inimicitia
585 1935 623 1967 B.
665 1933 681 1978 ΙΙ
730 1946 801 1967 cum
840 1936 992 1966 euaristo
1025 1936 1069 1975 ei]
1102 1937 1237 1978 scripsi,
1275 1946 1347 1967 cum
1374 1935 1517 1966 ebaristi
1544 1935 1583 1974 B,

149 1979 294 2011 euaristi
331 1979 388 2020 W,
421 1980 565 2012 abaristi
592 1980 637 2021 V,
672 1991 744 2012 cum
777 1981 927 2012 euaristo
962 1980 1060 2013 Char.
1100 1978 1115 2024 ΙΙ
1155 1981 1259 2013 fuisse
1291 1981 1414 2020 tamen]
1446 1981 1582 2024 scripsi,

148 2023 273 2057 fuisset
299 2036 358 2057 nec
378 2023 467 2065 BW,
493 2025 599 2057 fuisse
627 2037 666 2058 ne
684 2026 726 2068 V,
753 2025 857 2059 fuisse
885 2037 944 2058 nec
972 2026 1069 2059 Char.
1112 2025 1127 2069 ΙΙ
1171 2027 1209 2058 10
1236 2027 1345 2069 culpa]
1366 2025 1424 2066 W,
1450 2026 1581 2068 culpam

148 2069 214 2103 BV
238 2070 336 2104 Char.
365 2069 380 2114 ΙΙ
414 2072 564 2103 crededit
588 2071 678 2104 BW.
711 2069 728 2115 ΙΙ
763 2073 849 2104 eatis
877 2071 919 2104 V.
955 2070 971 2116 ΙΙ
1008 2072 1045 2104 11
1074 2073 1333 2104 emendarentur
1360 2072 1485 2111 (-retur
1513 2069 1582 2111 17)

148 2116 288 2159 ideoque
320 2117 428 2148 mario
461 2117 610 2149 euaristo
637 2118 686 2157 (et
711 2118 864 2149 euaristo
893 2116 961 2156 17)
990 2118 1073 2149 urbe
1099 2118 1209 2158 italia]
1238 2129 1254 2150 e
1281 2117 1355 2156 (rel.
1382 2119 1462 2155 om.)
1490 2117 1534 2149 V.
1564 2115 1580 2160 ΙΙ

152 2162 191 2193 12
217 2162 406 2204 prouincia]
433 2172 449 2193 e
475 2163 651 2205 prouincia
671 2163 715 2196 V.
749 2161 764 2206 ΙΙ
798 2164 909 2194 uetica
928 2163 986 2205 17,
1012 2164 1139 2195 uettica
1157 2163 1199 2201 V,
1226 2165 1359 2196 ueticae
1377 2163 1415 2195 B.
1443 2160 1458 2205 ΙΙ
1485 2163 1581 2205 quin-

147 2208 292 2249 quennio
309 2208 365 2242 17.
385 2205 401 2251 ΙΙ
422 2208 585 2240 interdixi
599 2209 645 2248 et]
666 2208 845 2240 interdixit
860 2213 892 2241 et
908 2207 965 2249 W,
984 2209 1167 2241 interdixit
1181 2209 1226 2249 V,
1245 2209 1402 2241 iter-dixit
1415 2208 1452 2245 B,
1474 2208 1581 2240 inter-

149 2253 221 2285 dixi
243 2253 341 2286 Char.
370 2251 385 2297 ΙΙ
415 2254 564 2293 decreui]
593 2252 629 2286 V
647 2253 758 2294 Clzmt,
782 2255 933 2286 decreuit
951 2253 1041 2287 BW.
1061 2253 1077 2298 ΙΙ
1098 2257 1146 2294 ut]
1172 2260 1205 2286 et
1230 2253 1309 2287 libri
1331 2257 1365 2286 et
1386 2254 1483 2286 Clzar.
1499 2252 1514 2297 ΙΙ
1541 2253 1580 2285 13

149 2309 282 2331 causam
300 2299 342 2332 V.
373 2298 389 2343 ΙΙ
419 2299 483 2330 duo
509 2300 614 2340 milia]
633 2300 828 2332 sestertium
846 2300 876 2332 d.
896 2310 936 2332 m.
956 2300 1117 2333 Huschke.
1145 2298 1160 2344 ΙΙ
1189 2302 1262 2342 pari
1280 2299 1336 2333 17.
1364 2297 1380 2343 ΙΙ
1405 2302 1488 2342 post
1507 2299 1581 2331 eius

147 2344 276 2377 excidit
301 2355 397 2387 quem
423 2344 599 2377 interfecit
623 2345 678 2376 uel
699 2345 811 2377 simile
835 2345 1004 2388 quiddam.
1031 2344 1047 2390 ΙΙ
1077 2347 1263 2385 euaristus]
1290 2346 1460 2378 ebaristus
1479 2344 1518 2386 B,
1546 2350 1580 2376 et

148 2390 296 2423 baristus
312 2390 355 2423 V.
384 2388 399 2434 ΙΙ
433 2392 472 2424 14
499 2389 610 2423 fuerat
636 2391 710 2423 eius
728 2390 782 2423 17.
810 2388 825 2433 ΙΙ
854 2391 909 2423 uel
927 2402 983 2423 res
1001 2392 1105 2424 uerba
1123 2392 1284 2434 rescripti
1303 2391 1401 2423 libri:
1426 2392 1462 2421 z'n
1480 2391 1581 2422 arclze

147 2438 238 2479 typo,
262 2439 301 2468 ut
324 2436 412 2469 uidit
436 2437 512 2478 fere
536 2438 605 2468 iam
630 2436 877 2478 Bynkershoelz,
902 2437 975 2479 fuit
999 2448 1029 2468 u.
1050 2448 1076 2469 r.
1103 2437 1276 2480 adscripta
1300 2437 1582 2479 interpretatione

147 2482 258 2514 alter-a
272 2482 382 2524 falsa,
399 2481 509 2514 altera
525 2492 619 2514 uera.
659 2482 816 2514 Pithoeus
830 2492 893 2525 pro
910 2483 966 2515 uel
985 2493 1039 2515 res
1056 2482 1149 2515 dedit
1167 2484 1252 2515 uelis
1271 2482 1463 2514 rescribere
1481 2480 1580 2523 idque

147 2528 261 2570 ipsum
278 2528 376 2560 lzahet
397 2527 602 2560 Charondas.
618 2525 633 2570 ΙΙ
654 2528 693 2561 15
719 2529 870 2570 poenam]
889 2527 927 2568 B,
952 2539 1056 2570 poena
1074 2529 1118 2568 V,
1144 2539 1270 2571 poenae
1290 2527 1346 2561 W.
1362 2525 1378 2571 ΙΙ
1397 2528 1480 2559 mari
1498 2528 1577 2558 eba-

148 2573 227 2604 risti
244 2573 283 2615 B,
310 2573 394 2605 mari
420 2574 582 2605 aebaristi
608 2573 651 2615 V,
675 2574 776 2605 marii
803 2579 835 2605 et
861 2574 1005 2605 euaristi
1026 2573 1081 2606 W.
1121 2572 1137 2617 ΙΙ
1177 2579 1270 2606 recte
1297 2578 1330 2605 et
1354 2573 1511 2606 taurinae
1540 2572 1577 2614 Β,

147 2623 240 2650 recte
267 2628 340 2658 egn.
366 2619 499 2651 taurine
527 2618 624 2651 Char.
665 2616 680 2662 ΙΙ
721 2621 769 2658 es]
800 2623 852 2651 est
876 2617 960 2652 libri.
1000 2618 1016 2663 ΙΙ
1058 2619 1097 2652 16
1124 2618 1243 2660 refert]
1270 2618 1417 2651 referent
1442 2619 1484 2659 V,
1522 2629 1579 2657 re-

147 2662 237 2695 ferat
255 2663 312 2697 W.
351 2661 367 2708 ΙΙ
409 2665 448 2696 17
475 2665 652 2696 amittatur
670 2664 765 2698 VW.
792 2662 808 2707 ΙΙ
836 2665 888 2705 an]
916 2666 999 2697 banc
1025 2664 1114 2697 libri.
1153 2663 1169 2709 ΙΙ
1207 2666 1298 2706 casu]
1328 2665 1460 2698 occasio
1481 2663 1577 2698 VW.

149 2707 166 2752 ΙΙ
195 2709 367 2742 districtio
391 2710 473 2742 haec
500 2720 640 2753 poenam
672 2710 845 2742 distinctio
871 2711 952 2742 haec
978 2721 1084 2753 poena
1110 2712 1187 2751 (sic)
1215 2710 1272 2744 W.
