1823 3016
688 140 803 144 —-
868 115 950 156 185
1014 138 1132 143 —-
1240 113 1610 156 conLAr1015,1-2.

198 233 418 274 uenenariis
465 233 746 285 inpostoribus‚
793 233 857 285 qui
889 232 1040 279 dicunt,
1080 231 1173 283 quid
1212 238 1441 284 conceptum
1482 233 1620 272 habeat

198 291 349 335 mulier,
382 290 566 341 quoniam
600 291 750 330 fabulae
782 290 1020 329 seductoriae
1053 295 1156 328 sunt.
1217 302 1288 328 nec
1318 290 1495 328 intendas
1527 303 1619 341 pro-

64 348 312 399 15‚1‚3digia‚
344 360 416 386 nec
446 347 663 398 interroges
697 354 887 386 mortuos.
958 345 1062 399 <non
1099 346 1323 385 inueniatur
1357 346 1397 384 in
1429 353 1466 384 te
1497 360 1620 397 augu-

205 405 349 459 (riator
381 417 452 443 nec
483 404 680 456 inspector
710 405 842 443 auium
873 416 945 442 nec
976 403 1173 442 maleficus
1201 409 1269 442 aut
1299 403 1519 441 incantator
1549 416 1621 442 1166

200 462 441 516 <pythonem
474 461 621 500 habens
653 462 691 500 in
724 469 903 500 uentrem
936 472 1006 499 nec
1037 460 1231 512 haruspex
1262 472 1333 498 nec
1359 460 1619 510 interrogator
1645 464 1665 498 5

162 531 178 555 a
203 518 478 573 <mortuorum
512 531 583 557 nec
614 524 793 570 portenta
824 515 1081 569 inspiciens>z
1120 517 1251 556 omnia
1289 529 1458 568 namque
1495 517 1567 555 ista
1600 530 1620 554 a

199 575 360 615 domino
399 575 470 614 deo
508 581 574 614 tuo
612 576 793 614 damnata
831 580 924 613 sunt
961 580 999 612 et
1029 574 1095 625 qui
1127 574 1262 613 fecerit
1293 575 1398 612 haec.
1459 580 1621 625 propter

0 614 2 655 i
199 634 268 672 has
291 631 394 670 enim
419 632 728 671 abominationes
761 632 855 671 deus
887 631 1097 670 eradicabit
1119 631 1330 670 Chaldaeos
1362 644 1381 669 a
1414 631 1509 670 facie
1542 638 1619 669 tua.

129 696 243 729 45tu
284 696 414 728 autem
452 691 648 741 perfectus
686 689 761 727 eris
799 694 888 727 ante
926 688 1129 727 dominum
1167 688 1283 727 deum
1324 695 1453 726 tuum:
1487 694 1620 738 gentes

197 746 300 785 enim
334 745 441 792 istae,
474 759 569 797 quas
602 753 643 785 tu
674 745 864 797 possides,
893 745 1051 795 auguria
1083 752 1121 784 et
1152 752 1277 784 sortes
1299 752 1338 784 et
1359 745 1619 783 diuinationes
1651 748 1692 782 10

198 802 418 844 audiebant.

58 861 112 902 15,
128 873 182 903 2‚1
255 872 437 898 vtpmnvs
468 859 567 898 libro
598 859 664 897 Vll
695 860 740 898 de
772 858 897 898 officio
929 858 1173 909 proconsulis
1205 858 1277 898 sub
1310 858 1422 898 titulo
1455 858 1500 897 de
1533 870 1620 896 ma-

368 916 588 955 thematicis
621 922 659 954 et
689 915 1031 954 uaticinatoribus:

308 973 512 1012 Praeterea
550 972 802 1011 interdictum
842 978 901 1010 est
931 971 1301 1011 mathematicorum
1340 971 1476 1011 callida
1508 971 1623 1022 inpo-

198 1036 305 1069 stura
342 1037 381 1069 et
417 1029 609 1068 obstinata
646 1028 911 1080 persuasione.
978 1041 1051 1067 nec
1087 1028 1201 1066 hodie
1232 1030 1404 1079 primum
1436 1027 1617 1067 interdici
1649 1032 1692 1066 15

195 1087 249 1126 eis
280 1087 435 1138 placuit,
469 1085 534 1124 sed
569 1091 681 1124 uetus
713 1085 808 1123 haec
838 1084 1050 1136 prohibitio
1081 1091 1160 1123 est:
1221 1085 1387 1136 denique
1419 1092 1524 1124 extat
1555 1097 1618 1123 se-

88 1152 174 1179 a.1⁷-
194 1150 309 1182 natus
341 1143 565 1182 consultum
598 1141 814 1193 Pomponio
846 1148 885 1179 et
906 1141 1007 1180 Rufo
1039 1153 1166 1180 conss.
1198 1141 1359 1187 factum,
1392 1155 1469 1192 quo
1501 1154 1617 1180 caue-

194 1206 277 1246 tur,
314 1206 358 1239 ut
395 1198 679 1238 mathematicis
716 1197 917 1237 Chaldaeis
954 1198 1084 1237 ariolis
1123 1204 1162 1237 et
1199 1199 1356 1244 ceteris,
1389 1199 1456 1249 qui
1488 1198 1617 1237 simile

192 1257 392 1308 inceptum
429 1256 626 1301 fecerunt,
664 1268 762 1306 aqua
800 1261 838 1294 et
874 1255 954 1306 igni
991 1255 1247 1294 interdicatur
1279 1255 1487 1306 omniaque
1519 1255 1618 1293 bona

191 1325 326 1353 eorum
358 1312 620 1364 publicentur,
651 1318 690 1351 et
720 1313 752 1351 si
783 1318 1034 1351 externarum
1067 1312 1243 1363 gentium
1275 1312 1363 1363 quis
1397 1312 1436 1351 id
1468 1311 1617 1357 fecerit,
1646 1317 1690 1350 ΞΟ

192 1405 349 1448 leguntur
366 1404 486 1437 Latine
509 1404 626 1446 sacta:
653 1415 714 1436 nec
734 1405 930 1436 inueniatur
948 1405 1034 1446 apud
1053 1410 1086 1437 te
1105 1405 1159 1447 qui
1178 1405 1304 1437 lustret
1322 1405 1430 1436 filium
1447 1415 1543 1436 suum
1562 1410 1620 1436 aut

192 1452 292 1483 filiam
324 1451 448 1482 ducens
480 1460 540 1492 per
572 1451 681 1489 ignem
707 1455 766 1481 aut
791 1451 845 1491 qui
871 1450 998 1482 ariolos
1025 1451 1218 1482 sciscitetur
1245 1455 1278 1482 et
1305 1452 1464 1482 obseruet
1489 1450 1619 1481 somnia

192 1501 290 1539 atque
315 1497 458 1537 auguria
489 1506 550 1527 666
581 1496 627 1527 sit
658 1496 829 1528 maleficus
862 1507 923 1528 nec
955 1496 1149 1528 incantator
1183 1506 1242 1527 nec
1273 1497 1439 1540 pythones
1465 1496 1621 1528 consulat

193 1553 298 1585 neque
324 1542 459 1574 diuinos
485 1546 519 1573 et
543 1546 684 1584 quaerat
709 1552 727 1573 a
752 1542 896 1573 mortuis
922 1542 1120 1574 ueritatem:
1148 1542 1257 1573 omnia
1284 1543 1370 1574 enim
1393 1543 1474 1573 haec
1492 1541 1622 1574 abomi-

192 1593 292 1620 natur
317 1588 470 1619 dominus
496 1591 530 1618 et
555 1592 693 1629 propter
718 1587 909 1619 istiusmodi
934 1588 1066 1619 scelera
1091 1587 1219 1619 delebit
1244 1598 1302 1619 eos
1327 1588 1359 1618 in
1379 1587 1528 1619 introitu
1545 1593 1619 1619 tuo:

193 1633 363 1676 perfectus
387 1634 454 1664 eris
473 1638 506 1664 et
523 1632 647 1674 absque
666 1633 795 1664 macula
813 1643 886 1664 611111
904 1633 1036 1665 domino
1055 1634 1116 1664 deo
1135 1638 1209 1665 tuo:
1236 1638 1353 1674 gentes
1375 1633 1462 1665 istae
1481 1643 1620 1674 quarum

192 1679 382 1721 possidebis
409 1684 533 1711 terram
561 1689 706 1719 augures
734 1683 767 1710 et
791 1679 925 1710 diuinos
951 1679 1103 1710 audiunt.

284 1773 299 1804 1
328 1772 531 1804 uenenarias
548 1772 590 1811 V,
616 1772 806 1804 uenerariis
824 1771 862 1803 B.
918 1771 927 1814 Η
981 1772 1036 1814 qui
1063 1773 1179 1804 dicunt
1203 1773 1253 1804 bis
1273 1770 1329 1804 W.
1384 1770 1393 1814 Η
1448 1773 1537 1814 quid]
1565 1774 1621 1814 qui

195 1817 252 1850 W.
281 1816 292 1859 Η
324 1823 519 1859 conseptum
538 1816 576 1848 B.
607 1816 617 1859 Η
649 1819 749 1849 habet
769 1815 861 1850 VW.
893 1816 903 1860 Η
934 1818 953 1848 2
980 1818 1113 1849 mulieri
1134 1818 1224 1849 libri.
1255 1816 1265 1859 Η
1298 1819 1316 1849 3
1345 1828 1407 1849 666
1426 1818 1621 1849 inueniatur

194 1862 204 1905 Η
248 1863 266 1894 6
294 1864 487 1905 inspiciens,
512 1866 551 1894 ut
575 1873 628 1894 me
653 1865 789 1895 monuit
809 1861 1036 1902 lVelllmusen,
1060 1863 1206 1895 eiusdem
1233 1862 1297 1895 loci
1319 1866 1367 1895 est
1386 1863 1493 1895 altera
1510 1865 1621 1895 mersio

190 1910 232 1940 ab
256 1909 498 1952 interpolatore
522 1907 663 1940 adiecta.
718 1907 728 1951 Η
779 1909 978 1947 auguriatur
1005 1908 1043 1945 B,
1068 1910 1267 1949 augoriator
1296 1907 1409 1947 VWa,
1436 1914 1621 1949 augurator

194 1953 320 1994 170(Ῠ).
363 1953 374 1996 Η
416 1955 436 1985 4
463 1956 535 1993 1166]
562 1955 615 1985 1161
637 1953 693 1986 W.
728 1952 738 1996 Η
774 1954 792 1985 5
818 1955 999 1997 phytonem
1025 1953 1082 1995 W,
1110 1955 1254 1997 pitonem
1282 1954 1357 1986 BV.
1398 1953 1408 1996 Η
1444 1955 1621 1987 habentem

192 1999 230 2032 B.
263 2000 273 2043 Η
305 2000 335 2031 in
354 2005 507 2031 uentrem
525 2010 590 2031 om.
610 1998 720 2032 BoeW.
752 1998 762 2042 Η
794 2010 853 2032 666
870 2010 934 2032 om.
952 1999 993 2032 V.
1025 1998 1035 2042 Η
1068 2010 1230 2042 caruspex
1248 1999 1286 2032 B.
1318 2000 1328 2043 Η
1359 2000 1378 2031 6
1397 2002 1558 2044 inspicies
1575 2000 1619 2032 V.

192 2046 203 2087 Η
241 2047 257 2077 7
285 2046 351 2087 qui]
378 2045 455 2087 quid
476 2043 513 2077 V
550 2043 560 2087 Η
595 2046 744 2088 propter]
772 2056 830 2087 pro
851 2044 908 2077 W.
942 2044 952 2087 Η
988 2046 1006 2077 S
1033 2046 1120 2078 enim
1145 2056 1209 2078 om.
1227 2046 1269 2078 V.
1304 2044 1314 2087 Η
1350 2048 1620 2079 obominationes

195 2090 236 2124 V.
290 2090 300 2133 Η
353 2091 434 2122 deus
471 2091 671 2129 eradicabit!
712 2092 794 2123 deus
832 2092 1018 2123 eradicauit
1035 2091 1074 2131 B,
1114 2092 1233 2124 denses
1270 2092 1429 2124 abdicant
1461 2091 1554 2125 VW.
1605 2091 1619 2135 Η

192 2136 348 2168 chaldeos
368 2134 463 2176 VW,
490 2137 624 2168 caldeos
643 2135 681 2168 B.
724 2135 734 2179 Η
770 2137 809 2168 ad
835 2136 954 2169 faciem
980 2142 1069 2169 tuam
1090 2135 1144 2177 W,
1172 2148 1191 2169 a
1217 2137 1303 2169 facie
1331 2148 1388 2169 sua
1407 2137 1483 2171 BV.
1525 2136 1534 2179 Η
1581 2139 1620 2170 10

193 2182 380 2224 possidebis
401 2181 442 2214 V.
494 2180 504 2222 Η
558 2183 702 2223 uuguria
729 2181 757 2213 B
781 2184 867 2222 (sic).
917 2182 927 2225 Η
979 2183 1017 2214 12
1044 2183 1110 2225 ulp.
1142 2183 1231 2215 libro
1264 2183 1368 2220 (liber
1394 2183 1422 2214 B
1447 2183 1535 2221 ind.)
1561 2184 1618 2223 uii]

192 2228 278 2260 idem
299 2226 356 2268 W,
391 2239 458 2260 om.
477 2228 518 2259 V.
566 2227 576 2269 Η
624 2229 663 2259 de
698 2227 810 2259 officio
838 2238 885 2270 pr.
912 2228 972 2259 sub
998 2230 1101 2260 titulo
1128 2229 1240 2268 (tituli
1260 2227 1327 2267 W)
1353 2239 1415 2260 om.
1439 2228 1481 2261 V.
1526 2228 1536 2271 Η
1580 2232 1621 2262 14

192 2274 395 2305 interdictos
414 2273 453 2304 B.
489 2271 499 2314 Η
535 2273 689 2305 callidam
705 2272 762 2305 W.
798 2272 807 2315 Η
847 2275 882 2306 15
911 2273 1077 2305 obstinata
1097 2275 1329 2316 persuasione]
1348 2275 1390 2314 V,
1417 2275 1620 2307 obstinatam

192 2320 374 2361 (opinatam
401 2317 484 2359 Wa)
522 2320 773 2360 persuasionem
798 2317 855 2358 W,
892 2320 1130 2352 obstinacitate
1167 2320 1423 2361 (obstanicitate
1442 2319 1507 2361 Ba)
1544 2330 1620 2362 per-

192 2365 304 2397 suasio
324 2363 362 2396 B.
412 2363 423 2407 Η
465 2366 538 2403 666]
570 2375 632 2406 quo
654 2362 710 2396 W.
754 2364 764 2407 Η
805 2365 980 2397 interdicit
1004 2367 1054 2397 eis
1074 2365 1118 2406 V,
1143 2366 1328 2398 interdicte
1353 2366 1406 2397 his
1427 2363 1483 2397 W.
1526 2365 1536 2408 Η
1580 2366 1619 2397 16

193 2411 251 2441 sed
276 2412 387 2449 uetus]
414 2410 572 2442 seductus
593 2408 651 2449 W,
677 2409 834 2441 seductos
854 2409 896 2442 V.
951 2409 961 2453 Η
1016 2412 1078 2451 est]
1105 2412 1188 2443 haec
1209 2409 1266 2443 W.
1315 2410 1326 2453 Η
1380 2411 1417 2443 17
1446 2412 1620 2453 pomponio

193 2456 382 2498 (pompenio
400 2455 429 2487 B
454 2455 535 2493 ind„
562 2456 716 2497 pomponi
736 2454 803 2495 17)
830 2460 864 2487 et
888 2455 963 2487 rufo
989 2457 1090 2493 (ruffo
1117 2456 1145 2487 B
1170 2457 1254 2497 ind.)
1282 2467 1390 2488 conss.
1418 2457 1572 2495 (consule
1592 2455 1620 2487 B

193 2500 277 2541 ind„
301 2502 457 2533 consules
482 2500 511 2532 B
537 2503 631 2541 teoet„
660 2501 852 2533 consulibus
878 2500 944 2541 W)
969 2500 1060 2541 BW,
1085 2512 1148 2534 om.
1175 2503 1220 2535 l'.
1261 2501 1272 2544 Η
1315 2506 1452 2534 canetur
1475 2500 1564 2534 BW.
1609 2502 1619 2544 Η

198 2547 235 2578 18
261 2548 310 2585 ut]
336 2551 371 2578 et
391 2545 445 2578 W.
488 2546 499 2589 Η
542 2547 692 2578 chaldeis
710 2545 804 2587 VW,
829 2547 956 2579 caldeis
975 2546 1014 2579 B.
1056 2546 1066 2589 Η
1110 2549 1223 2580 simile
1249 2548 1429 2590 inceptum]
1458 2546 1620 2587 Huschke,

194 2591 337 2623 similem
364 2592 528 2624 incertum
556 2592 641 2624 libri.
689 2590 699 2634 Η
753 2592 791 2623 19
818 2593 1066 2624 interdicantur
1091 2593 1130 2626 B.
1184 2592 1194 2633 Η
1245 2594 1287 2625 20
1314 2595 1440 2632 eorum]
1468 2603 1558 2625 erum
1579 2593 1620 2624 B.

194 2634 211 2680 Ι]
240 2637 270 2668 si
296 2641 510 2670 externarum
535 2643 671 2679 gentum
697 2637 784 2679 quis]
810 2638 858 2669 sic
884 2642 1042 2671 externas
1061 2640 1123 2678 (sie
1143 2637 1199 2680 W,
1228 2644 1389 2671 externus
1409 2638 1454 2681 V,
1479 2634 1619 2671 ete‘rnus

195 2681 238 2722 B)
264 2692 294 2723 g.
322 2684 377 2724 qui
404 2683 433 2715 si
459 2683 547 2716 libri.
592 2682 603 2725 Η
645 2682 792 2715 fecerint
812 2681 906 2715 VW.
