1828 3011
98 292 152 333 16,
167 304 221 332 2,1

201 466 217 490 2

235 157 555 198 COLLAT1016‚2.
724 177 840 181 —-—
904 159 987 199 190
1049 176 1165 183 —-

296 288 402 315 GAivs
433 276 726 315 institutionum
765 276 861 314 libro
894 276 946 313 III
982 275 1174 325 legitimas
1211 275 1266 314 sic
1303 275 1456 315 ordinat
1495 288 1652 314 succes-

407 332 553 371 siones:

348 389 626 427 Intestatorum
649 388 880 426 hereditates
907 387 989 437 lege
1011 387 1214 426 duodecim
1237 387 1455 427 tabularum
1477 387 1649 440 primum

237 444 282 484 ad
315 458 406 484 suos
437 445 598 484 heredes
629 444 838 496 pertinent.
908 444 969 482 sui
1005 449 1135 482 autem
1178 443 1338 483 heredes
1377 444 1650 483 existimantur

235 502 346 540 liberi
377 501 444 553 qui
474 502 513 540 in
545 507 733 552 potestate
774 500 975 539 morientis
1014 501 1187 545 fuerunt,
1220 499 1341 539 ueluti
1376 500 1478 540 filius
1509 500 1647 547 filiaue‚

235 571 357 610 nepos
388 558 567 609 neptisue
600 558 658 606 [ex
689 556 791 605 filio]⁸
823 568 1018 607 pronepos
1049 557 1298 608 proneptisue
1329 569 1375 595 ex
1404 562 1544 608 nepote
1571 557 1649 596 filio

237 622 329 653 nato
361 620 573 665 prognatus
604 619 855 664 prognataue.
907 625 979 652 nec
999 613 1165 652 interest
1184 613 1379 651 naturales
1410 613 1511 663 [sint]
1540 614 1649 653 liberi

237 683 284 709 an
325 670 510 721 adoptiui.
578 669 630 708 ita
671 669 828 707 demum
867 675 996 708 tamen
1028 681 1149 721 nepos
1180 668 1357 720 neptisue
1388 676 1427 708 et
1455 682 1649 721 pronepos

236 727 489 779 proneptisue
521 737 681 765 suorum
713 725 899 764 heredum
924 739 1088 765 numero
1120 732 1223 771 sunt,
1255 727 1286 764 si
1307 726 1539 777 praecedens
1561 739 1650 778 per-

236 796 330 822 sona
362 782 520 822 desierit
549 783 602 832 [in
632 787 823 833 potestate
853 782 1025 833 parentis
1057 795 1160 828 esse,
1199 782 1283 821 siue
1320 787 1444 820 morte
1475 782 1515 821 id
1544 782 1648 821 acci-

237 839 346 888 derit]
379 839 460 878 siue
491 839 562 878 alia
593 838 754 884 ratione,
786 838 909 877 ueluti
939 839 1260 891 emancipatione.
1327 850 1418 877 nam
1451 838 1483 877 si
1512 851 1582 890 per
1611 838 1647 877 id

237 902 404 947 tempus,
451 909 528 946 quo
574 895 738 946 quisque
784 896 986 942 morietur,
1031 896 1133 934 filius
1180 895 1219 933 in
1250 900 1441 947 potestate
1473 895 1556 934 eius
1587 895 1650 942 sit,

235 965 357 1003 nepos
389 965 435 991 ex
465 965 509 990 eo
541 964 636 990 suus
667 952 781 990 heres
813 964 897 991 esse
928 965 1006 991 non
1038 958 1179 1003 potest.
1238 951 1339 990 idem
1373 957 1411 990 et
1439 951 1480 990 in
1512 951 1651 991 ceteris

241 1009 422 1060 deinceps
452 1009 664 1047 liberorum
695 1008 873 1059 personis
904 1008 1050 1047 dictum
1082 1008 1355 1059 intellegimus.
1422 1021 1519 1047 uxor
1549 1021 1651 1059 quo—

236 1078 323 1116 que,
356 1078 454 1116 quae
484 1065 525 1103 in
555 1077 674 1103 manu
705 1071 775 1111 est,
806 1065 853 1114 [ei
886 1065 996 1104 cuius
1027 1065 1066 1104 in
1098 1078 1217 1104 manu
1249 1068 1321 1113 est]
1345 1077 1414 1104 sua
1435 1065 1548 1104 heres
1579 1071 1649 1111 est,

236 1122 325 1173 quia
358 1123 456 1161 tiliae
486 1122 570 1160 10οο
603 1128 678 1160 est:
718 1121 812 1160 item
853 1134 977 1160 nurus
1008 1134 1106 1172 quae
1136 1121 1176 1160 in
1207 1121 1275 1160 filii
1307 1133 1425 1160 manu
1456 1127 1526 1168 est,
1558 1133 1650 1160 nam

236 1185 275 1217 et
306 1179 399 1217 haec
429 1178 556 1230 neptis
587 1178 670 1216 loco
703 1184 773 1216 est.
840 1178 905 1216 sed
946 1178 998 1217 ita
1041 1179 1199 1217 demum
1231 1177 1305 1217 erit
1336 1190 1404 1217 sua
1435 1178 1561 1224 heres,
1592 1177 1649 1228 [si]

236 1235 350 1281 filius,
383 1235 492 1274 cuius
524 1234 562 1272 in
584 1247 703 1273 manu
735 1234 784 1273 sit
805 1247 893 1273 cum
925 1241 1034 1286 pater
1065 1234 1242 1281 moritur,
1274 1234 1315 1273 in
1346 1241 1536 1286 potestate
1566 1234 1650 1273 eius

236 1303 314 1330 non
347 1291 409 1331 sit.
470 1291 650 1342 idemque
682 1290 847 1329 dicimus
885 1299 924 1330 et
955 1291 1000 1330 de
1031 1304 1091 1338 ea,
1123 1304 1221 1342 quae
1253 1291 1317 1341 [in]
1346 1291 1500 1342 nepotis
1531 1303 1649 1329 manu

237 1347 477 1387 matrimonii
508 1360 622 1386 causa
654 1347 716 1393 sit,
748 1347 837 1398 quia
867 1349 1068 1399 proneptis
1100 1348 1184 1386 loco
1215 1353 1285 1386 est.
1346 1347 1519 1398 postumi
1549 1360 1650 1398 quo-

237 1417 324 1455 que,
355 1405 460 1455 [qui]‚
500 1404 532 1442 si
569 1404 661 1442 uiuo
699 1410 859 1455 parente
890 1404 970 1442 nati
1001 1410 1143 1450 essent,
1174 1403 1213 1442 in
1245 1409 1437 1455 potestate
1473 1404 1557 1442 eius
1587 1405 1651 1442 fu-

237 1461 315 1500 turi
346 1462 484 1506 forent,
517 1460 578 1499 sui
609 1460 769 1498 heredes
802 1466 907 1499 sunt.
958 1460 1062 1498 idem
1084 1459 1181 1499 iuris
1211 1466 1271 1499 est
1301 1460 1347 1499 de
1378 1459 1452 1507 his,
1483 1472 1652 1511 quorum

328 1545 355 1565 c.
382 1534 402 1565 2
418 1548 462 1560 =
482 1532 585 1566 Gaius
610 1533 639 1574 3,
669 1535 774 1567 1—17
801 1534 848 1572 (in
875 1532 984 1565 codice
1010 1536 1146 1576 praeter
1168 1535 1304 1566 minora
1326 1533 1539 1566 desideratur
1560 1535 1654 1576 prin-

237 1580 362 1622 cipium
386 1578 432 1610 ad
453 1589 483 1622 p.
505 1579 579 1619 191,
607 1580 620 1610 1
650 1581 740 1621 post)
765 1579 904 1621 indeque
929 1590 974 1611 ea:
996 1582 1093 1622 parte
1117 1579 1328 1610 lastinianus
1350 1579 1434 1611 Inst.
1461 1579 1493 1619 3,
1520 1579 1549 1610 1.
1576 1578 1607 1610 2.

331 1672 344 1702 1
373 1671 461 1703 libro
499 1672 539 1703 iii
576 1672 828 1704 institutionum
863 1673 917 1716 kp.
950 1673 1113 1705 dccxuiiii
1144 1674 1213 1716 (kp.
1247 1674 1325 1706 cxxi
1357 1673 1442 1705 idem
1461 1671 1529 1713 W)
1558 1672 1652 1712 gaius

237 1716 314 1748 inst.
346 1716 435 1750 libro
468 1717 508 1748 iii
539 1718 603 1758 leg.
637 1718 686 1749 510
713 1718 848 1750 ordinat
872 1719 1043 1758 (ordinata
1063 1717 1131 1758 W)
1158 1719 1389 1751 successiones
1414 1719 1653 1750 intestatorum

237 1763 467 1803 (successione
493 1767 695 1794 statutorum
713 1762 756 1803 B)
774 1763 864 1804 BW,
889 1764 975 1796 libro
1001 1765 1106 1795 tertio
1133 1764 1388 1796 institutionum
1413 1762 1466 1804 kp.
1493 1763 1595 1794 cxxui
1612 1763 1652 1794 de

237 1808 452 1840 successione
485 1808 575 1839 inter
607 1808 733 1840 fratres
764 1810 857 1849 gaius
890 1809 964 1845 (rel.
991 1811 1070 1849 om.)
1097 1808 1138 1841 V.
1180 1808 1190 1851 Η
1234 1810 1252 1841 3
1280 1810 1366 1850 lege]
1400 1808 1543 1849 exlege
1565 1808 1652 1840 last.

237 1850 254 1896 11
292 1854 312 1884 4
340 1854 536 1895 peruenient
556 1852 629 1886 We.
672 1853 684 1896 Η
722 1855 787 1894 501]
813 1855 843 1885 si
868 1853 953 1886 libri.
987 1852 997 1896 Η
1032 1856 1238 1886 extimantur
1257 1854 1299 1893 V,
1326 1854 1524 1886 estimantur
1544 1851 1600 1886 W.
1641 1852 1652 1894 Η

238 1900 256 1929 5
282 1899 441 1930 morienti
461 1897 518 1931 W.
559 1897 570 1940 Η
612 1898 740 1932 fuerint
764 1898 834 1932 BV
850 1902 883 1931 et
907 1900 992 1932 lust.
1017 1898 1095 1932 libri
1116 1899 1310 1932 deteriores.
1345 1898 1355 1942 Η
1389 1899 1458 1931 filia
1485 1899 1538 1930 uel
1562 1897 1653 1939 BW,

237 1943 352 1975 filiaue
382 1944 438 1976 uel
465 1943 506 1976 V.
561 1942 571 1986 Η
624 1945 643 1976 6
677 1955 779 1987 nepus
804 1943 880 1977 BV.
933 1944 943 1984 Η
996 1946 1148 1987 neptisue
1179 1956 1222 1977 ex
1254 1945 1324 1977 filio
1350 1945 1528 1987 pronepos]
1554 1943 1653 1984 Just„

237 1989 391 2030 neptisue
422 1999 589 2031 pronepus
621 1992 818 2032 (proneptus
838 1989 893 2030 V)
918 1990 994 2028 BV,
1025 2001 1090 2022 om.
1111 1989 1167 2023 W.
1206 1990 1216 2033 Η
1254 1990 1335 2030 11110]
1360 1990 1415 2022 1101
1440 1990 1508 2021 11110
1528 1987 1585 2028 17,
1611 1999 1652 2020 ex

237 2033 308 2065 filio
326 2034 413 2066 Just.
443 2032 453 2075 Η
486 2035 502 2066 ’ἲ
529 2039 609 2066 natu
629 2034 669 2068 V.
701 2035 712 2078 Η
741 2041 924 2077 prognatos
942 2035 1015 2068 BV.
1045 2034 1056 2077 Η
1088 2037 1256 2068 interesse
1273 2035 1363 2074 libri,
1381 2036 1526 2068 interest
1542 2038 1651 2065 utrum

236 2078 320 2111 lust.
351 2078 362 2121 Η
391 2080 471 2119 sint]
489 2079 586 2121 Just„
607 2090 670 2112 om.
688 2080 777 2112 libri.
804 2079 814 2122 Η
841 2081 859 2112 8
879 2091 982 2123 nepus
1000 2080 1074 2113 BV.
1100 2081 1111 2124 Η
1137 2082 1303 2124 neptimue
1320 2080 1362 2113 V.
1396 2079 1407 2121 Η
1437 2080 1456 2111 9
1486 2089 1651 2122 pronepus

236 2129 439 2166 pronepteue
460 2123 502 2164 V,
528 2136 694 2167 pronepus
719 2131 964 2168 pronepotesue
990 2127 1187 2168 (pronepote
1213 2137 1272 2159 suo
1291 2125 1356 2166 Ba)
1381 2125 1422 2167 B,
1451 2129 1652 2168 pronepotes

237 2174 482 2212 proneptesuae
501 2169 558 2202 W.
577 2169 587 2212 Η
611 2171 650 2201 10
676 2171 708 2202 10
727 2175 793 2212 pot.
812 2196 819 2202 .
840 2195 847 2202 .
866 2196 874 2203 .
895 2172 1070 2212 acciderit]
1090 2172 1185 2213 lust„
1203 2183 1267 2204 om.
1285 2170 1370 2204 libri.
1390 2170 1401 2214 Η
1421 2171 1457 2204 11
1486 2170 1653 2202 rationem

236 2225 268 2245 u.
287 2215 586 2257 emancipationem
607 2215 663 2248 W.
694 2215 704 2258 Η
735 2216 779 2256 id]
797 2216 891 2257 Just„
917 2217 1003 2249 idem
1024 2216 1112 2249 libri.
1143 2216 1153 2259 Η
1189 2218 1226 2248 12
1245 2217 1318 2259 quis
1335 2215 1417 2248 lust.
1448 2213 1458 2258 Η
1488 2215 1652 2247 moriatur

239 2259 282 2300 V,
311 2265 500 2292 moreretur
523 2260 606 2292 Just.
641 2259 651 2303 Η
687 2261 754 2292 51οῖ
772 2260 863 2294 717.
898 2260 908 2303 Η
947 2262 986 2293 13
1012 2272 1114 2304 nepus
1139 2262 1213 2294 BV.
1248 2260 1258 2304 Η
1293 2273 1357 2293 000
1382 2271 1444 2293 om.
1471 2258 1527 2293 W.
1562 2259 1573 2303 Η
1607 2262 1651 2301 et]

238 2315 280 2337 ex
303 2304 342 2336 B.
385 2303 394 2347 Η
437 2306 546 2337 ceteri
572 2304 630 2347 W,
656 2311 845 2338 ceterorum
872 2307 900 2338 B
925 2307 1035 2347 (ind).
1078 2306 1088 2350 Η
1132 2309 1173 2342 14
1197 2308 1362 2340 librorum
1387 2305 1416 2338 B
1440 2305 1508 2337 ind.
1550 2304 1561 2348 Η
1601 2306 1653 2338 10-

236 2351 434 2391 tellegemus
460 2351 543 2382 lust.
581 2350 591 2394 Η
627 2353 667 2384 15
692 2362 822 2383 manum
842 2351 884 2385 V.
919 2352 929 2395 Η
958 2357 1011 2385 est
1036 2353 1067 2384 ei
1093 2354 1187 2384 euius
1213 2353 1245 2384 in
1271 2363 1369 2384 manu
1393 2356 1446 2383 est
1470 2361 1529 2382 sua
1554 2351 1652 2383 heres

238 2396 301 2436 est]
325 2397 460 2438 scripsi,
486 2396 559 2428 eius
579 2401 631 2427 est
648 2396 677 2429 is
695 2397 743 2436 (in
765 2396 817 2437 V)
835 2408 894 2429 sua
912 2399 1010 2431 heres
1037 2403 1089 2430 est
1113 2397 1189 2440 BV,
1227 2398 1297 2430 eius
1322 2401 1376 2429 est
1400 2396 1516 2429 ualere
1541 2401 1574 2427 et
1594 2395 1652 2429 17.

237 2439 249 2483 Η
294 2442 332 2474 16
358 2441 444 2480 1000]
475 2442 572 2473 locus
591 2441 634 2482 V,
659 2442 692 2473 10
716 2442 791 2474 1000
812 2441 868 2474 17.
910 2441 921 2485 Η
963 2444 1044 2476 item
1069 2456 1099 2475 n.
1126 2454 1156 2486 q.
1185 2445 1215 2475 in
1241 2442 1263 2475 f.
1288 2452 1384 2474 manu
1409 2442 1539 2480 (manns
1565 2441 1652 2482 BV)

238 2491 291 2518 est
316 2496 387 2517 nam
413 2487 490 2525 (uec
513 2486 557 2527 Β)
576 2512 582 2519 .
601 2511 608 2518 .
627 2511 635 2518 .
660 2488 768 2530 neptis
794 2487 867 2519 loco
900 2493 953 2520 est
983 2499 1053 2523 om..
1066 2487 1123 2521 W.
1165 2488 1176 2532 Η
1221 2489 1258 2522 17
1284 2488 1313 2520 si
1339 2498 1402 2519 om.
1428 2487 1515 2519 libri.
1556 2485 1567 2528 Η
1612 2489 1651 2521 18

239 2532 286 2563 sit
310 2533 394 2570 cum]
425 2532 496 2564 eius
528 2543 600 2564 cum
625 2532 707 2572 (V),
741 2533 814 2564 eius
840 2534 914 2564 dum
934 2532 1022 2566 BW.
1064 2533 1074 2577 Η
1115 2533 1272 2566 morituri
1292 2531 1391 2565 717ὁ
1445 2531 1455 2573 Η
1500 2532 1540 2565 19
1565 2533 1652 2564 idem

238 2586 301 2608 om.
322 2575 378 2609 W.
420 2575 431 2620 Η
474 2577 530 2617 sit]
564 2582 643 2609 sunt
662 2577 704 2610 V.
746 2576 756 2620 Η
799 2578 947 2610 dicemus
972 2581 1170 2622 requiritur.
1211 2577 1222 2621 Η
1264 2578 1310 2617 10]
1343 2579 1382 2609 de
1409 2577 1453 2619 V,
1479 2576 1651 2610 om.BW.

237 2619 248 2663 Η
283 2626 417 2662 nepotes
436 2621 465 2653 B
490 2622 601 2663 (ind.)
635 2621 645 2665 Η
680 2633 806 2655 manum
827 2622 883 2655 17.
918 2623 928 2667 Η
962 2625 1004 2657 20
1030 2635 1130 2657 causa
1153 2624 1199 2655 sit
1223 2624 1312 2665 quia]
1338 2634 1437 2655 causa
1463 2624 1510 2655 sit
1534 2634 1615 2666 quae
1633 2634 1651 2655 a

238 2665 313 2707 BV,
338 2677 436 2698 cause
463 2668 508 2699 ita
527 2667 583 2700 W.
614 2666 624 2710 Η
655 2669 849 2710 pronepotis
867 2668 941 2702 BV.
973 2669 984 2712 Η
1013 2670 1053 2703 21
1081 2669 1147 2712 qui]
1165 2669 1261 2709 Just„
1286 2679 1351 2700 om.
1369 2668 1454 2701 libri.
1485 2667 1496 2711 ΙΙ
1526 2668 1651 2702 futuris

238 2710 324 2743 libri.
366 2710 376 2753 Η
419 2713 461 2744 22
487 2713 550 2753 501]
577 2713 643 2745 sibi
665 2712 756 2747 717.

1679 788 1720 822 10

1680 1070 1722 1105 15

1677 1353 1722 1387 20
1826 1349 1828 1375 ¹
