1828 3011
759 138 1199 178 ——118—

387 257 482 296 Cum
505 256 654 296 Iuliano
675 256 728 295 ita
749 261 861 295 aucto
883 266 1135 306 quamquam,
1167 259 1210 292 ut
1241 254 1329 299 dixi,
1363 253 1522 293 Collatio
1545 253 1590 291 ad
1613 264 1691 292 nos

270 314 462 366 peruenit,
508 326 586 352 non
624 313 757 351 eadem
797 319 856 351 est
898 312 938 349 in
970 311 1094 349 tribus
1124 309 1233 348 libris
1274 323 1410 349 eorum
1450 309 1686 348 coniunctio.

274 371 420 410 scilicet
449 370 489 408 in
519 369 822 414 Vindobonensi,
854 379 970 418 quem
1002 378 1210 405 commune
1242 367 1493 418 archetypum
1526 366 1563 404 in
1598 366 1687 404 uni-

273 440 383 466 uersa
425 426 667 465 ordinatione
704 424 860 475 reliquis
898 423 1119 473 diligentius
1159 423 1394 473 expressisse
1432 423 1493 461 hic
1531 435 1688 473 quoque

270 490 446 535 apparet,
498 489 587 534 post
630 482 821 520 Iulianum
873 486 1030 518 auctum
1086 480 1262 529 sequitur
1315 480 1340 517 f.
1389 479 1479 518 162¹
1526 479 1691 518 Collatio

271 540 484 592 praemisso
534 539 660 577 indice
716 537 884 588 capitum
937 535 1107 575 CXXXII
1157 547 1334 574 seorsum
1376 542 1687 574 numeratorum.

272 602 530 635 numerantur
575 606 751 633 seorsum
790 592 1012 631 Collationis
1058 591 1180 643 capita
1225 591 1340 630 etiam
1379 591 1419 629 in
1454 591 1688 630 Vercellensi

273 653 370 691 libro
403 659 440 690 et
470 657 561 690 sunt
591 651 630 688 in
663 651 736 688 hoc
767 661 920 700 quoque
952 661 1117 686 numero
1149 648 1339 693 CXXXll3
1389 648 1455 686 sed
1493 648 1559 698 qui
1596 660 1689 687 eum

273 708 426 759 scripsit
458 707 593 746 maluit
622 706 796 745 rubricas
829 713 905 744 tam
938 705 1075 743 Iuliani
1105 705 1207 743 aucti
1238 716 1353 755 quam
1378 703 1599 743 Collationis
1622 717 1687 743 ca-

271 765 341 816 piti
375 763 584 802 uoluminis
621 763 842 814 praefigere.
902 761 1034 800 eadem
1078 761 1139 799 uia
1177 761 1291 799 etiam
1332 761 1492 799 ulterius
1522 773 1688 812 pergens

272 822 337 872 qui
360 821 608 858 Berolinense
641 819 822 858 uolumen
855 818 1010 869 scripsit
1041 824 1252 868 utrumque
1283 817 1448 855 indicem
1474 817 1694 864 coniunxit,

272 889 484 916 numerans
515 876 649 914 Iuliani
680 888 769 914 cum
802 876 974 913 auctario
1005 874 1127 925 capita
1158 873 1273 912 DXCI
1305 874 1517 912 secundum
1557 874 1687 924 ipsum

271 934 429 979 librum,
462 932 594 971 DXClI
616 932 831 971 secundum
853 931 1032 978 indicem,
1065 930 1288 969 Collationis
1319 936 1447 969 autem
1482 942 1512 969 c.
1536 929 1690 968 DXCllI

273 990 345 1041 (sic
394 989 526 1035 index,
585 988 717 1027 DXCH
768 988 969 1037 uolumen)
1034 988 1079 1026 ad
1129 984 1362 1027 DCCXXXll
1429 986 1502 1037 (sic
1558 986 1692 1032 index,

272 1046 520 1086 DCCCXXXI
551 1058 620 1097 pro
652 1044 868 1084 DCCXXXI
901 1044 1157 1090 uolumen)¹).
1218 1043 1543 1082 constitutionum
1585 1043 1686 1082 diui-

273 1104 422 1142 sionem
454 1115 502 1140 ne
534 1101 796 1141 Berolinensis
827 1101 983 1152 quidem
1014 1100 1214 1140 Collationi
1246 1100 1418 1138 intrusit.

388 1159 664 1210 Inscriptiones
680 1165 719 1197 et
735 1158 1041 1208 subscriptiones
1057 1157 1171 1195 libelli
1191 1158 1258 1195 bas
1277 1157 1437 1195 traditas
1453 1155 1693 1206 accepimus.

312 1216 375 1257 W:
405 1218 533 1267 incipit
563 1215 679 1265 leyem
708 1215 769 1254 dei
796 1215 894 1265 quod
920 1216 1108 1265 precoepit
1139 1214 1311 1252 dorm'nns
1336 1214 1386 1252 ad
1407 1212 1570 1262 Moysen.
1622 1224 1689 1250 se-

406 1279 581 1323 quuntur
626 1271 814 1310 rubricae.
880 1272 1033 1321 explicit
1069 1271 1156 1321 kap.
1211 1269 1347 1320 Incipit
1390 1269 1485 1308 liber
1524 1271 1690 1321 primus.

406 1329 582 1379 sequitur
612 1335 741 1366 textus
773 1327 914 1365 finiens
949 1327 1011 1373 16,
1036 1327 1072 1373 7,
1096 1326 1120 1364 2
1160 1326 1291 1364 uerbis
1323 1326 1506 1365 bonorum
1539 1337 1689 1376 posses-

406 1388 537 1424 siones.
617 1385 780 1435 empticit.
841 1384 932 1422 item
983 1383 1092 1421 titulo
1134 1389 1272 1433 quarto
1319 1383 1357 1420 in
1403 1381 1534 1420 codice
1575 1393 1691 1432 prae-

408 1441 597 1492 scriptum
631 1448 707 1479 est:
740 1442 923 1478 constitut.
955 1438 1037 1478 IIII
1067 1439 1109 1477 cle
1141 1440 1256 1489 legem
1284 1438 1415 1488 Moysi.

318 1498 372 1536 B.-
403 1500 531 1548 incipit
569 1496 711 1548 capitnl
746 1496 834 1547 lepis
865 1496 933 1534 dei.
994 1502 1213 1546 sequuntur
1243 1494 1418 1533 rubricae
1448 1500 1486 1532 et
1516 1493 1690 1532 lulianus

406 1566 494 1592 cum
556 1553 739 1592 auctario.
819 1555 948 1603 incipit
1000 1552 1064 1591 lem
1115 1552 1174 1591 dei
1222 1564 1336 1604 quam
1389 1552 1479 1590 deus
1529 1552 1695 1601 precepit

404 1611 454 1649 ad
494 1610 657 1661 Moysen.
728 1609 905 1660 sequitur
949 1613 1077 1648 textus
1122 1608 1262 1647 finiens
1312 1607 1378 1646 ubi
1427 1607 1513 1646 finit
1558 1606 1690 1645 editio.

403 1666 638 1718 subscriptio
669 1666 785 1705 nulla.

327 1724 374 1763 V:
405 1726 532 1775 incipit
563 1723 730 1775 capitula
762 1724 849 1774 leyis
879 1723 978 1773 quod
1011 1724 1172 1773 precepit
1212 1721 1299 1760 deus
1335 1721 1386 1761 ad
1415 1720 1555 1759 Mosen.
1627 1732 1693 1758 se-

405 1787 581 1831 quuntur
609 1780 785 1818 rubricae
807 1786 846 1818 et
866 1779 1039 1817 lulianus
1068 1791 1155 1816 cum
1181 1778 1365 1816 auctario.
1414 1779 1543 1828 incipit
1574 1776 1693 1827 leyem

409 1838 472 1876 dei
507 1837 603 1888 qnod
629 1840 791 1887 precepit
828 1837 1000 1875 dominus
1031 1836 1080 1874 ad
1116 1834 1283 1885 Moysen.
1351 1834 1528 1884 sequitur
1559 1839 1691 1871 textus

406 1894 546 1931 finiens
581 1893 644 1939 16,
667 1892 704 1940 3,
730 1893 779 1932 13
813 1892 943 1932 uerbis
974 1892 1172 1931 heredibus
1199 1893 1393 1942 pertineri.
1454 1889 1690 1941 subscriptio

405 1950 523 1988 nulla.

384 2006 571 2045 Rubricas
602 2006 733 2057 quales
764 2005 853 2044 libri
884 2004 1016 2056 scripti
1048 2004 1289 2043 tradiderunt
1320 2002 1440 2053 magis
1461 2001 1606 2054 placuit
1626 2013 1689 2040 re-

271 2068 396 2101 motas
419 2075 465 2101 ex
486 2069 670 2114 apparatu
693 2063 766 2101 hoc
787 2063 871 2101 loco
893 2061 1073 2100 exhibere
1090 2061 1330 2106 coniunctos,
1353 2071 1441 2098 cum
1459 2058 1692 2111 praesertim.

271 2120 316 2158 de
352 2119 399 2158 iis
430 2119 590 2158 iudicari
620 2126 788 2170 nequeat
817 2118 892 2158 nisi
924 2118 1142 2158 coniunctis
1171 2116 1489 2169 inscriptionibus
1520 2121 1559 2154 et
1594 2115 1690 2153 sub-

272 2176 562 2227 scriptionibus.

402 2282 594 2331 inscriptio
624 2279 735 2318 nulla

830 2334 900 2386 (tit.
932 2335 970 2381 1,
1003 2332 1130 2385 1-4)

348 2393 441 2432 item
476 2392 596 2443 (idem
618 2391 649 2429 B
669 2391 766 2443 ind.)
798 2391 843 2430 de
875 2391 1091 2430 causalibus
1122 2389 1325 2429 homicidis
1349 2389 1459 2440 (—diis
1487 2388 1551 2439 W)
1573 2387 1696 2427 BVW

403 2461 480 2489 non
504 2461 579 2500 pro
610 2448 729 2496 titulo,
762 2449 824 2488 sed
849 2460 922 2500 pro
949 2455 1059 2499 parte
1089 2449 1341 2498 inscriptionis
1371 2448 1497 2498 capitis
1528 2447 1650 2497 quinti

268 2530 1045 2539 aswmpzvmwvummmwwmmmm

365 2570 390 2609 1)
416 2571 465 2601 Ad
492 2570 637 2602 auctarii
667 2569 783 2601 tuliani
808 2574 936 2611 partem
962 2579 1044 2611 quae
1069 2569 1102 2600 in
1130 2567 1339 2600 Berolinensi
1364 2571 1440 2609 post
1464 2567 1691 2598 Collationem

273 2616 462 2658 perscripta
490 2620 553 2655 est,
580 2615 766 2647 numeratio
792 2615 874 2646 haec
901 2625 963 2645 non
982 2614 1156 2656 peruenit3
1182 2613 1385 2645 solummodo
1411 2617 1490 2644 ante
1509 2613 1591 2644 Nou.
1614 2612 1692 2651 117,

271 2660 325 2691 cui
365 2661 396 2691 iu
425 2661 673 2692 vindobonensi
712 2661 954 2702 praescriptum
992 2665 1044 2691 est
1079 2660 1181 2690 const.
1219 2656 1369 2690 CXXIII
1395 2656 1446 2700 kp.
1472 2656 1624 2690 DXCJII
1655 2657 1689 2688 in

273 2706 483 2737 Berolinensi
514 2706 640 2746 legitur
665 2710 684 2742 †
712 2704 800 2737 CXC
821 2705 913 2747 kap„
947 2710 983 2736 ut
1012 2705 1065 2736 hic
1090 2713 1217 2746 quoque
1249 2703 1388 2745 patefiat
1418 2708 1623 2745 quantopere
1654 2702 1693 2733 in

275 2751 400 2782 talibus
427 2751 696 2784 Vindobonensis
722 2750 914 2792 antiquiore
940 2754 1100 2792 praestet.
