1823 3016
25 448 58 487 4,
71 460 114 488 11,
128 459 144 482 1

21 1012 56 1054 4,
70 1024 114 1054 12,
127 1025 142 1048 1

126 1198 142 1221 2

125 1368 142 1392 3

654 181 771 185 —
836 155 918 196 153
980 179 1097 183 --
1204 155 1449 196 COLLAT104‚
1471 166 1586 191 10—12.

170 281 325 322 tractas,
357 287 435 313 non
466 274 597 326 inique
616 274 758 326 aliquid
787 274 870 313 eius
892 273 1169 312 honestissimo
1194 272 1310 311 calori
1332 272 1585 324 permittitur,

169 338 213 371 ut
242 344 320 371 non
359 332 469 382 quasi
501 331 694 371 homicida
725 331 912 383 puniatur
942 330 1066 382 capite
1099 329 1160 369 uel
1191 329 1470 381 deportatione,
1518 329 1584 368 sed

168 401 292 440 usque
324 389 370 427 ad
402 388 560 427 exilium
594 401 715 440 poena
747 388 830 427 eius
861 393 1067 427 statuatur.

223 458 315 484 mm:
347 457 419 484 sm:

279 501 332 540 De
365 502 568 554 mancipiis
589 501 812 541 alterutrius
831 501 968 540 marito
1001 500 1062 539 uel
1093 505 1200 551 patre
1227 505 1433 538 accusante
1465 510 1584 549 quae·
1611 502 1632 537 5

166 559 333 598 stionem
367 559 581 598 habendam
616 559 740 610 palam
783 565 859 597 est:
906 570 954 596 an
1001 557 1101 596 idem
1149 564 1334 596 extraneo
1370 555 1587 594 accusatori

165 615 340 668 permitti
386 616 534 661 debeat,
581 628 738 666 quaero.
799 614 1018 666 respondit:
1064 620 1192 666 potest
1238 613 1361 652 uideri
1404 625 1445 651 ea
1487 612 1585 650 ratio

165 672 286 712 fuisse
317 673 568 724 permittendi
616 673 701 712 istis
747 672 926 724 personis
973 672 1018 710 de
1056 671 1181 710 seruis
1213 670 1482 722 quaestionem
1514 669 1587 707 ha-

166 729 270 775 bere,
318 735 361 768 ut
392 729 614 780 diligentius
645 730 817 768 dolorem
850 728 970 768 animi
1001 728 1075 775 sui,
1119 728 1211 767 item
1245 727 1427 766 iniuriam
1461 726 1585 764 laesae

164 787 305 825 domus
351 799 428 824 non
475 787 709 825 translaticie
754 790 1094 837 persequerentur.
1157 785 1223 823 sed
1276 784 1459 835 quoniam
1505 795 1584 821 non

165 843 273 882 facile
308 844 378 882 tale
411 843 596 882 delictum
629 843 712 882 sine
744 843 959 881 ministerio
992 854 1195 881 seruorum
1219 841 1371 880 admitti
1393 840 1583 879 creditum

166 906 238 946 est,
270 900 369 939 ratio
392 913 436 939 eo
468 900 660 952 perduxit,
701 906 746 938 ut
782 900 896 938 etiam
936 904 1120 938 extraneo
1157 903 1362 937 accusante
1393 896 1585 948 mancipia

164 957 383 1008 quaestioni
416 964 702 996 tormentorum
736 956 1008 995 subicerentur
1038 969 1057 994 a
1089 955 1296 994 iudicibus.

223 1027 366 1052 PAVLVS
397 1014 495 1053 libro
528 1013 806 1052 sententiarum
839 1012 1038 1062 [secundo]
1069 1013 1141 1051 sub
1172 1012 1285 1051 titulo
1312 1011 1358 1049 de
1379 1009 1583 1049 adulteris:

278 1071 525 1110 Permittitur
555 1070 678 1121 [patri]
716 1076 791 1108 tam
815 1070 999 1120 adoptiuo
1021 1081 1137 1119 quam
1161 1069 1338 1113 naturali,
1362 1068 1583 1106 adulterum

166 1140 254 1166 cum
288 1127 364 1167 filia
395 1127 583 1177 cuiusque
615 1126 812 1177 dignitatis
845 1126 951 1164 dorni
983 1138 1074 1164 suae
1106 1126 1168 1164 uel
1201 1125 1331 1176 generi
1363 1125 1424 1163 sui
1446 1125 1584 1175 depre-

164 1185 330 1223 hensum
365 1197 432 1223 sua
472 1196 590 1222 manu
638 1184 823 1222 occidere.
884 1183 986 1221 filius
1032 1182 1196 1221 familias
1241 1189 1352 1233 pater
1397 1181 1429 1220 si
1465 1181 1582 1219 filiam

161 1241 200 1279 in
233 1241 424 1280 adulterio
455 1240 768 1292 deprehenderit,
800 1239 932 1278 uerbis
964 1238 1123 1290 quidem
1155 1238 1249 1289 legis
1281 1251 1401 1290 prope
1433 1243 1503 1283 est,
1541 1243 1585 1276 ut

160 1310 240 1336 non
271 1298 397 1349 possit
428 1298 621 1337 occidere:
668 1296 911 1349 permittitur
948 1303 1078 1335 tamen
1116 1296 1231 1334 etiam
1265 1296 1310 1341 ei,
1344 1302 1388 1334 ut
1419 1294 1583 1333 occidat.

163 1355 328 1394 maritus
371 1355 411 1394 in
443 1354 633 1394 adulterio
665 1354 927 1406 deprehensos
958 1365 1037 1392 non
1070 1353 1165 1392 alios
1196 1365 1313 1404 quam
1346 1352 1512 1391 infames
1545 1356 1584 1390 et

160 1424 225 1451 eos
255 1412 322 1463 qui
355 1424 516 1464 corpore
547 1417 752 1462 quaestum
800 1410 960 1457 faciunt,
1008 1422 1142 1449 seruos
1174 1411 1288 1449 etiam
1341 1416 1380 1448 et
1423 1409 1582 1448 libertos

160 1578 187 1609 ι.
250 1542 282 1618 c.)
306 1532 359 1573 12,
386 1531 415 1563 1.
439 1531 470 1564 2.
496 1532 514 1563 3
532 1546 575 1556 z
593 1530 723 1563 Paulus
748 1530 779 1571 2,
806 1530 859 1571 26,
887 1530 915 1562 1.
943 1530 973 1561 2.
999 1530 1019 1561 4
1045 1531 1106 1569 (eoe
1131 1529 1222 1562 codd.
1250 1529 1432 1562 Vesonttno
1457 1531 1490 1560 et
1513 1528 1584 1561 Va-

174 1587 268 1609 ccano
287 1601 294 1608 .

157 1667 176 1673 v
180 1667 242 1674 Ars!
247 1667 385 1673 »Mla-„w
390 1667 534 1674 «la-Nmmv
538 1667 634 1673 »nanas-t>
638 1667 682 1673 «νυ
686 1670 693 1673 .
698 1667 798 1673 «ΜΝ
808 1667 830 1673 >J
834 1667 1101 1673 r>⁴«!‹*fNssspaeNN-
1112 1666 1172 1672 [κύ]
1176 1666 1271 1673 .-».»««.κι
1275 1666 1303 1672 ἴ]
1308 1666 1337 1672 ss
1341 1666 1402 1672 .'lf.'
1406 1666 1468 1672 luw
1472 1666 1550 1671 JJJJJ
1554 1666 1565 1671 1»
1569 1666 1579 1671 J

254 1726 267 1756 1
300 1723 423 1765 inique]
454 1722 512 1754 Od.
542 1722 691 1763 Mueller,
716 1723 853 1765 hisquae
878 1722 917 1763 B,
948 1723 1045 1765 idque
1071 1721 1166 1754 VW.
1215 1720 1226 1762 Η
1273 1722 1460 1753 honestimo
1487 1721 1523 1753 Β.
1562 1720 1578 1765 Η

156 1770 374 1812 permittetur
398 1768 426 1800 B
444 1768 534 1806 (alde
559 1778 663 1810 supra
686 1768 733 1800 ad
754 1769 826 1808 152,
845 1769 914 1807 26).
939 1767 949 1810 Η
975 1769 994 1799 2
1022 1779 1085 1799 non
1111 1778 1174 1799 om.
1196 1767 1252 1800 17.
1278 1766 1288 1808 ΙΙ
1317 1768 1582 1809 deportationem

159 1814 217 1848 W.
258 1814 269 1857 Η
304 1815 322 1845 3
349 1814 489 1846 exitium
507 1814 547 1854 B,
573 1815 699 1846 exitum
719 1813 813 1847 VW.
849 1813 860 1856 Η
894 1824 996 1856 poena
1025 1814 1110 1853 eius]
1137 1823 1259 1856 poenas
1281 1813 1338 1846 Jl'.
1373 1812 1383 1855 Η
1419 1813 1584 1844 statuitur

155 1861 243 1893 libri.
290 1858 307 1903 Η
350 1860 371 1891 4
397 1860 481 1891 idem
507 1860 536 1891 si
562 1859 590 1890 B
614 1859 713 1900 (ind.)
740 1858 835 1899 717,
860 1861 940 1891 item
968 1860 1017 1890 sic
1042 1859 1070 1890 B
1093 1860 1218 1899 (tex-L).
1269 1862 1282 1899 Η
1323 1860 1340 1890 5
1367 1859 1583 1898 alterutrius]

157 1907 301 1938 alterius
327 1905 366 1937 B.
407 1907 420 1946 Η
461 1905 584 1936 maritu
609 1904 637 1936 B
663 1904 772 1943 (ind).
812 1904 822 1946 Η
864 1910 1076 1936 accusantem
1105 1903 1161 1937 W.
1203 1904 1214 1947 Η
1256 1907 1274 1936 o
1302 1905 1365 1944 est]
1396 1903 1582 1946 Schiclting‚

156 1962 231 1983 esse
261 1950 346 1983 libri.
388 1949 399 1992 Η
442 1951 458 1981 ’ἰ
486 1950 672 1992 respondit]
697 1951 772 1991 BV,
805 1959 829 1985 R
857 1950 914 1983 W.
956 1950 966 1993 Η
1012 1956 1105 1992 potes
1135 1949 1190 1982 W.
1233 1949 1243 1992 Η
1284 1951 1402 1982 uidere
1429 1948 1520 1982 JJ'W.
1565 1949 1575 1993 Η

157 2007 227 2029 eam
249 1996 305 2029 W.
341 1995 353 2038 Η
386 1998 405 2027 9
433 1996 643 2036 diligentius]
669 1997 813 2037 diligens
840 2007 935 2028 suum
955 1994 1049 2028 VW.
1083 1997 1097 2037 Η
1129 1997 1255 2035 laesae]
1282 1996 1373 2027 leseo
1395 1995 1437 2036 V,
1466 1995 1521 2026 lex
1549 2002 1582 2027 et

157 2043 195 2075 B.
228 2040 243 2085 Η
278 2043 318 2074 10
343 2042 539 2074 translatici
567 2046 599 2073 et
625 2047 867 2084 persequentur
888 2041 945 2074 W.
979 2040 990 2084 Η
1027 2042 1062 2075 11
1091 2042 1192 2074 talem
1211 2042 1268 2075 W.
1304 2041 1314 2083 Η
1349 2041 1503 2073 misterio
1523 2040 1580 2073 W.

156 2086 172 2131 ΙΙ
220 2088 260 2120 12
291 2092 342 2119 est
366 2097 429 2119 om.
458 2086 514 2119 W.
566 2086 576 2129 Η
624 2097 661 2118 eo
695 2089 865 2130 perduxit]
898 2098 971 2119 eum
1004 2088 1146 2119 adduxit
1172 2087 1228 2120 W.
1276 2085 1287 2129 Η
1336 2092 1374 2119 ut
1403 2087 1518 2125 etiam]
1544 2091 1582 2118 ut

156 2134 258 2166 etiam
284 2138 321 2164 ut
347 2133 389 2165 V.
433 2132 445 2172 11
485 2137 697 2165 accusantem
723 2135 887 2175 mancipio
915 2132 971 2165 W.
1014 2132 1025 2175 Η
1070 2134 1108 2166 13
1135 2134 1164 2174 a]
1192 2134 1231 2165 ad
1259 2133 1301 2165 V.
1343 2131 1354 2175 ΙΙ
1398 2133 1437 2165 14
1464 2132 1581 2174 paulus

155 2179 243 2211 libro
273 2178 378 2217 (liber
402 2179 445 2218 B)
477 2183 562 2210 sent.
590 2179 734 2210 secundo
767 2178 844 2220 (om.
870 2179 958 2220 libri)
991 2179 1051 2211 sub
1077 2190 1141 2210 om..
1164 2178 1206 2211 V.
1250 2179 1260 2220 Η
1302 2179 1410 2220 capite
1436 2178 1581 2209 secundo

156 2225 244 2265 legis
262 2223 366 2256 Iuliae
388 2225 427 2255 de
446 2224 626 2255 adulteriis
643 2224 720 2256 add.
738 2227 817 2256 ante
834 2226 1043 2267 permittitur
1060 2224 1199 2256 Paulus.
1219 2224 1230 2266 ΙΙ
1254 2227 1292 2257 15
1319 2225 1418 2266 patri]
1437 2223 1581 2263 Paulus,

156 2280 221 2302 om.
246 2269 332 2302 libri.
374 2269 385 2312 Η
428 2272 534 2311 quam]
565 2274 630 2300 tam
657 2269 713 2302 W.
757 2269 767 2313 Η
809 2271 958 2302 naturali
984 2281 1046 2302 om.
1065 2270 1104 2302 B.
1147 2270 1158 2312 Η
1199 2271 1356 2302 adultero
1382 2270 1441 2302 Ba.
1485 2268 1495 2311 ΙΙ
1540 2269 1580 2301 16

155 2316 258 2347 filiam
287 2315 342 2348 17.
384 2315 396 2355 Η
438 2316 672 2356 cuiuscumque
702 2315 843 2348 Paulus.
885 2315 895 2358 ΙΙ
938 2317 1047 2348 domui
1075 2314 1132 2358 W,
1158 2317 1273 2347 domus
1299 2315 1343 2348 V.
1386 2315 1396 2356 Η
1438 2317 1489 2346 sui
1516 2325 1580 2346 om.

153 2360 295 2393 Paulus.
324 2359 340 2404 Η
369 2362 407 2393 17
433 2371 493 2392 sua
517 2363 623 2399 (suam
645 2359 710 2399 W)
727 2371 823 2393 manu
840 2362 984 2401 (manum
1003 2361 1108 2401 717)
1126 2372 1188 2394 om.
1208 2361 1351 2393 Paulus.
1386 2360 1397 2403 Η
1431 2359 1580 2392 familiae

155 2406 195 2447 R,
220 2407 380 2438 familiam
399 2406 442 2439 V.
480 2405 491 2448 Η
528 2407 556 2437 si
582 2411 676 2448 pater
693 2406 735 2438 V.
770 2406 781 2448 Η
818 2408 857 2439 18
883 2408 1087 2440 adulterium
1108 2407 1150 2440 V.
1186 2406 1196 2449 ΙΙ
1230 2411 1369 2450 propest
1388 2406 1452 2439 Va.
1494 2405 1503 2447 Η
1538 2407 1578 2438 19

155 2452 363 2494 permittitur
398 2458 509 2484 tamen
546 2454 647 2483 etiam
685 2452 728 2491 ei]
767 2452 918 2494 permitti
954 2458 1063 2485 tamen
1101 2453 1131 2484 ei
1168 2453 1266 2485 debet
1301 2451 1439 2484 Paulus.
1484 2453 1494 2494 Η
1537 2452 1579 2483 20

155 2498 310 2538 maritus]
337 2498 457 2529 marito
484 2499 512 2529 si
539 2498 596 2535 (sii
616 2497 684 2538 Va)
712 2497 754 2529 V.
798 2498 808 2540 Η
851 2499 1077 2541 deprehensus
1104 2497 1195 2531 VW.
1238 2498 1248 2539 Η
1289 2498 1327 2529 21
1359 2500 1493 2539 corpori
1521 2497 1578 2531 W.

157 2540 173 2585 ΙΙ
203 2545 367 2584 questium
386 2543 428 2575 V.
467 2543 476 2585 Η
511 2542 649 2582 faciunt]
676 2543 799 2574 habent
819 2543 874 2576 W.
908 2542 919 2584 ll
953 2549 987 2576 et
1012 2545 1167 2584 libertos]
1194 2544 1364 2582 Pithoeus,
1390 2549 1424 2575 et
1450 2544 1578 2575 liberos

154 2587 246 2627 libri,
279 2598 340 2620 om.
369 2589 471 2621 Paula·
499 2588 567 2620 eod.
596 2588 802 2621 ls'esontz'zms
826 2589 931 2621 male.-
967 2600 1057 2622 uoeor
1087 2592 1123 2621 in
1153 2592 1355 2621 uniuersum
1378 2590 1492 2632 eoecz'pi
1512 2599 1578 2620 non

152 2635 274 2676 potuit,
309 2643 385 2666 cum
415 2634 486 2676 lege
512 2633 671 2676 generali
697 2634 997 2677 conprehendatur,
1032 2638 1120 2667 recte
1152 2638 1263 2667 antem
1295 2644 1370 2666 cum
1401 2634 1579 2672 libertinos

156 2678 304 2711 occidere
329 2679 384 2711 leoe
404 2682 618 2723 permitteret
641 2680 872 2722 <accipiebatur
895 2690 985 2712 uxor
1010 2680 1184 2713 libertina.-
1208 2679 1333 2712 ancilla
1358 2682 1472 2711 autem
1489 2690 1579 2713 noeor

156 2735 227 2756 esse
250 2726 370 2766 nequit.

1613 786 1656 820 10

1612 1070 1655 1104 15

1611 1354 1656 1388 20
