<?xml version="1.0" encoding="UTF-8"?>
<!DOCTYPE html PUBLIC "-//W3C//DTD XHTML 1.0 Transitional//EN"
    "http://www.w3.org/TR/xhtml1/DTD/xhtml1-transitional.dtd">
<html xmlns="http://www.w3.org/1999/xhtml" xml:lang="en" lang="en">
 <head>
  <title>
</title>
<meta http-equiv="Content-Type" content="text/html;charset=utf-8" />
  <meta name='ocr-system' content='tesseract 3.04.00' />
  <meta name='ocr-capabilities' content='ocr_page ocr_carea ocr_par ocr_line ocrx_word'/>
</head>
<body>
  <div class='ocr_page' id='page_1' title='image "./collectiolibroru03krue_0152.png"; bbox 0 0 1828 3011; ppageno 0'>
   <div class='ocr_carea' id='block_1_1' title="bbox 86 353 203 395">
    <p class='ocr_par' dir='ltr' id='par_1_1' title="bbox 86 353 203 395">
     <span class='ocr_line' id='line_1_1' title="bbox 86 353 203 395; baseline 0.009 -9"><span class='ocrx_word' id='word_1_1' title='bbox 86 353 116 395; x_wconf 90' lang='lat'>1,</span> <span class='ocrx_word' id='word_1_2' title='bbox 130 363 203 394; x_wconf 85' lang='lat'><strong>12,1</strong></span> 
     </span>
    </p>
   </div>
   <div class='ocr_carea' id='block_1_2' title="bbox 87 751 204 792">
    <p class='ocr_par' dir='ltr' id='par_1_2' title="bbox 87 751 204 792">
     <span class='ocr_line' id='line_1_2' title="bbox 87 751 204 792; baseline 0.017 -8"><span class='ocrx_word' id='word_1_3' title='bbox 87 751 204 792; x_wconf 87' lang='lat'>1,13.1</span> 
     </span>
    </p>
   </div>
   <div class='ocr_carea' id='block_1_3' title="bbox 224 115 1158 156">
    <p class='ocr_par' dir='ltr' id='par_1_3' title="bbox 224 115 1158 156">
     <span class='ocr_line' id='line_1_3' title="bbox 224 115 1158 156; baseline 0.009 -6"><span class='ocrx_word' id='word_1_4' title='bbox 224 123 418 150; x_wconf 70' lang='lat' dir='ltr'>conLAmo</span> <span class='ocrx_word' id='word_1_5' title='bbox 443 115 607 154; x_wconf 82' lang='lat' dir='ltr'>l,12—13.</span> <span class='ocrx_word' id='word_1_6' title='bbox 715 140 832 143; x_wconf 47' lang='grc'>*-</span> <span class='ocrx_word' id='word_1_7' title='bbox 897 116 978 156; x_wconf 83' lang='lat'>142</span> <span class='ocrx_word' id='word_1_8' title='bbox 1041 139 1158 143; x_wconf 94' lang='lat'><strong>—</strong></span> 
     </span>
    </p>
   </div>
   <div class='ocr_carea' id='block_1_4' title="bbox 226 232 1720 1017">
    <p class='ocr_par' dir='ltr' id='par_1_4' title="bbox 226 232 1643 452">
     <span class='ocr_line' id='line_1_4' title="bbox 226 232 1640 285; baseline 0 -14"><span class='ocrx_word' id='word_1_9' title='bbox 226 232 319 271; x_wconf 85' lang='lat' dir='ltr'>haec</span> <span class='ocrx_word' id='word_1_10' title='bbox 349 245 512 284; x_wconf 90' lang='lat' dir='ltr'>poenam</span> <span class='ocrx_word' id='word_1_11' title='bbox 544 238 611 271; x_wconf 91' lang='lat' dir='ltr'>aut</span> <span class='ocrx_word' id='word_1_12' title='bbox 640 232 781 271; x_wconf 88' lang='lat' dir='ltr'>iustam</span> <span class='ocrx_word' id='word_1_13' title='bbox 814 244 1026 284; x_wconf 81' lang='lat' dir='ltr'>prouocare</span> <span class='ocrx_word' id='word_1_14' title='bbox 1059 232 1171 271; x_wconf 92' lang='lat' dir='ltr'>debet</span> <span class='ocrx_word' id='word_1_15' title='bbox 1201 237 1267 271; x_wconf 89' lang='lat' dir='ltr'>aut</span> <span class='ocrx_word' id='word_1_16' title='bbox 1288 238 1640 285; x_wconf 79' lang='lat' dir='ltr'><strong>temperamentum</strong></span> 
     </span>
     <span class='ocr_line' id='line_1_5' title="bbox 226 289 441 328; baseline 0.005 -1"><span class='ocrx_word' id='word_1_17' title='bbox 226 289 441 328; x_wconf 81' lang='lat' dir='ltr'>admittere,</span> 
     </span>
     <span class='ocr_line' id='line_1_6' title="bbox 284 344 1643 384; baseline 0 0"><span class='ocrx_word' id='word_1_18' title='bbox 284 358 519 384; x_wconf 74' lang='lat' dir='ltr'>MODESvas</span> <span class='ocrx_word' id='word_1_19' title='bbox 548 345 647 383; x_wconf 88' lang='lat' dir='ltr'>libro</span> <span class='ocrx_word' id='word_1_20' title='bbox 675 344 978 383; x_wconf 83' lang='lat' dir='ltr'>differentiarum</span> <span class='ocrx_word' id='word_1_21' title='bbox 1002 350 1110 383; x_wconf 83' lang='lat' dir='ltr'>sexto</span> <span class='ocrx_word' id='word_1_22' title='bbox 1133 344 1205 383; x_wconf 88' lang='lat' dir='ltr'>sub</span> <span class='ocrx_word' id='word_1_23' title='bbox 1227 344 1338 384; x_wconf 90' lang='lat' dir='ltr'>titulo</span> <span class='ocrx_word' id='word_1_24' title='bbox 1362 346 1407 384; x_wconf 90' lang='lat' dir='ltr'>de</span> <span class='ocrx_word' id='word_1_25' title='bbox 1429 345 1643 384; x_wconf 83' lang='lat' dir='ltr'>scientibus</span> 
     </span>
     <span class='ocr_line' id='line_1_7' title="bbox 394 401 1213 452; baseline -0.001 -12"><span class='ocrx_word' id='word_1_26' title='bbox 394 408 431 440; x_wconf 88' lang='lat' dir='ltr'>et</span> <span class='ocrx_word' id='word_1_27' title='bbox 462 401 732 452; x_wconf 75' lang='lat' dir='ltr'>ignorantibus</span> <span class='ocrx_word' id='word_1_28' title='bbox 766 401 994 451; x_wconf 80' lang='lat' dir='ltr'>generaliter</span> <span class='ocrx_word' id='word_1_29' title='bbox 1025 401 1213 451; x_wconf 89' lang='lat' dir='ltr'>loquitur:</span> 
     </span>
    </p>

    <p class='ocr_par' dir='ltr' id='par_1_5' title="bbox 226 457 1691 735">
     <span class='ocr_line' id='line_1_8' title="bbox 338 457 1691 509; baseline 0.001 -13"><span class='ocrx_word' id='word_1_30' title='bbox 338 458 639 508; x_wconf 84' lang='lat' dir='ltr'>Nonnumquam</span> <span class='ocrx_word' id='word_1_31' title='bbox 671 470 739 509; x_wconf 91' lang='lat' dir='ltr'>per</span> <span class='ocrx_word' id='word_1_32' title='bbox 770 458 1025 507; x_wconf 78' lang='lat' dir='ltr'>ignorantiam</span> <span class='ocrx_word' id='word_1_33' title='bbox 1058 457 1371 508; x_wconf 81' lang='lat' dir='ltr'>delinquentibus</span> <span class='ocrx_word' id='word_1_34' title='bbox 1397 458 1492 497; x_wconf 92' lang='lat' dir='ltr'>iuris</span> <span class='ocrx_word' id='word_1_35' title='bbox 1520 457 1644 497; x_wconf 87' lang='lat' dir='ltr'>ciuilis</span> <span class='ocrx_word' id='word_1_36' title='bbox 1669 463 1691 498; x_wconf 88' lang='grc'>5</span> 
     </span>
     <span class='ocr_line' id='line_1_9' title="bbox 226 513 1643 565; baseline -0.001 -12"><span class='ocrx_word' id='word_1_37' title='bbox 226 514 337 554; x_wconf 89' lang='lat' dir='ltr'>uenia</span> <span class='ocrx_word' id='word_1_38' title='bbox 368 514 487 553; x_wconf 89' lang='lat' dir='ltr'>tribui</span> <span class='ocrx_word' id='word_1_39' title='bbox 518 515 627 560; x_wconf 88' lang='lat' dir='ltr'>solet,</span> <span class='ocrx_word' id='word_1_40' title='bbox 665 514 695 552; x_wconf 93' lang='lat' dir='ltr'>si</span> <span class='ocrx_word' id='word_1_41' title='bbox 729 515 842 552; x_wconf 90' lang='lat' dir='ltr'>modo</span> <span class='ocrx_word' id='word_1_42' title='bbox 874 526 957 552; x_wconf 88' lang='lat' dir='ltr'>rem</span> <span class='ocrx_word' id='word_1_43' title='bbox 988 514 1076 552; x_wconf 89' lang='lat' dir='ltr'>facti</span> <span class='ocrx_word' id='word_1_44' title='bbox 1108 513 1206 564; x_wconf 86' lang='lat' dir='ltr'>quis,</span> <span class='ocrx_word' id='word_1_45' title='bbox 1238 526 1317 552; x_wconf 88' lang='lat' dir='ltr'>non</span> <span class='ocrx_word' id='word_1_46' title='bbox 1348 514 1443 553; x_wconf 91' lang='lat' dir='ltr'>iuris</span> <span class='ocrx_word' id='word_1_47' title='bbox 1473 515 1643 565; x_wconf 86' lang='lat' dir='ltr'>ignoret:</span> 
     </span>
     <span class='ocr_line' id='line_1_10' title="bbox 226 569 1647 622; baseline -0.001 -12"><span class='ocrx_word' id='word_1_48' title='bbox 226 584 322 622; x_wconf 87' lang='lat' dir='ltr'>quae</span> <span class='ocrx_word' id='word_1_49' title='bbox 351 571 495 610; x_wconf 90' lang='lat' dir='ltr'>scilicet</span> <span class='ocrx_word' id='word_1_50' title='bbox 516 569 675 609; x_wconf 86' lang='lat' dir='ltr'>consilio</span> <span class='ocrx_word' id='word_1_51' title='bbox 697 570 1010 621; x_wconf 88' lang='lat' dir='ltr'>delinquentibus</span> <span class='ocrx_word' id='word_1_52' title='bbox 1031 571 1218 621; x_wconf 85' lang='lat' dir='ltr'>praestari</span> <span class='ocrx_word' id='word_1_53' title='bbox 1239 582 1316 608; x_wconf 90' lang='lat' dir='ltr'>non</span> <span class='ocrx_word' id='word_1_54' title='bbox 1339 571 1448 609; x_wconf 90' lang='lat' dir='ltr'>solet.</span> <span class='ocrx_word' id='word_1_55' title='bbox 1488 577 1647 622; x_wconf 90' lang='lat' dir='ltr'>propter</span> 
     </span>
     <span class='ocr_line' id='line_1_11' title="bbox 226 626 1644 679; baseline -0.001 -13"><span class='ocrx_word' id='word_1_56' title='bbox 226 628 326 679; x_wconf 89' lang='lat' dir='ltr'>quod</span> <span class='ocrx_word' id='word_1_57' title='bbox 372 627 632 666; x_wconf 88' lang='lat' dir='ltr'>necessarium</span> <span class='ocrx_word' id='word_1_58' title='bbox 678 632 737 664; x_wconf 89' lang='lat' dir='ltr'>est</span> <span class='ocrx_word' id='word_1_59' title='bbox 772 626 899 665; x_wconf 83' lang='lat' dir='ltr'>addita</span> <span class='ocrx_word' id='word_1_60' title='bbox 936 627 1180 665; x_wconf 88' lang='lat' dir='ltr'>distinctione</span> <span class='ocrx_word' id='word_1_61' title='bbox 1212 626 1466 673; x_wconf 86' lang='lat' dir='ltr'>considerare,</span> <span class='ocrx_word' id='word_1_62' title='bbox 1514 634 1644 666; x_wconf 83' lang='lat' dir='ltr'>utrum</span> 
     </span>
     <span class='ocr_line' id='line_1_12' title="bbox 228 682 1646 735; baseline -0.001 -12"><span class='ocrx_word' id='word_1_63' title='bbox 228 684 373 724; x_wconf 81' lang='lat' dir='ltr'>sciente</span> <span class='ocrx_word' id='word_1_64' title='bbox 397 696 444 722; x_wconf 90' lang='lat' dir='ltr'>an</span> <span class='ocrx_word' id='word_1_65' title='bbox 466 683 666 733; x_wconf 82' lang='lat' dir='ltr'>ignorante</span> <span class='ocrx_word' id='word_1_66' title='bbox 687 682 815 733; x_wconf 83' lang='lat' dir='ltr'>aliquo</span> <span class='ocrx_word' id='word_1_67' title='bbox 837 683 930 734; x_wconf 92' lang='lat' dir='ltr'>quid</span> <span class='ocrx_word' id='word_1_68' title='bbox 952 690 1104 733; x_wconf 86' lang='lat' dir='ltr'>gestum</span> <span class='ocrx_word' id='word_1_69' title='bbox 1126 689 1378 735; x_wconf 85' lang='lat' dir='ltr'>proponatur.</span> <span class='ocrx_word' id='word_1_70' title='bbox 1429 690 1468 722; x_wconf 90' lang='lat' dir='ltr'>et</span> <span class='ocrx_word' id='word_1_71' title='bbox 1487 684 1646 734; x_wconf 87' lang='lat' dir='ltr'>reliqua.</span> 
     </span>
    </p>

    <p class='ocr_par' dir='ltr' id='par_1_6' title="bbox 284 738 1720 791">
     <span class='ocr_line' id='line_1_13' title="bbox 284 738 1720 791; baseline 0.001 -13"><span class='ocrx_word' id='word_1_72' title='bbox 284 752 425 779; x_wconf 81' lang='lat' dir='ltr'>PAVLVS</span> <span class='ocrx_word' id='word_1_73' title='bbox 455 740 554 778; x_wconf 85' lang='lat' dir='ltr'>libro</span> <span class='ocrx_word' id='word_1_74' title='bbox 586 745 624 778; x_wconf 90' lang='lat' dir='ltr'>et</span> <span class='ocrx_word' id='word_1_75' title='bbox 655 738 767 777; x_wconf 89' lang='lat' dir='ltr'>titulo</span> <span class='ocrx_word' id='word_1_76' title='bbox 799 741 866 790; x_wconf 92' lang='lat' dir='ltr'>qui</span> <span class='ocrx_word' id='word_1_77' title='bbox 897 752 1032 791; x_wconf 86' lang='lat' dir='ltr'>supra:</span> <span class='ocrx_word' id='word_1_78' title='bbox 1679 746 1720 779; x_wconf 88' lang='lat'>10</span> 
     </span>
    </p>

    <p class='ocr_par' dir='ltr' id='par_1_7' title="bbox 228 795 1651 1017">
     <span class='ocr_line' id='line_1_14' title="bbox 340 795 1650 847; baseline 0 -13"><span class='ocrx_word' id='word_1_79' title='bbox 340 796 415 842; x_wconf 82' lang='lat' dir='ltr'>Qui</span> <span class='ocrx_word' id='word_1_80' title='bbox 452 796 568 834; x_wconf 90' lang='lat' dir='ltr'>telum</span> <span class='ocrx_word' id='word_1_81' title='bbox 608 796 790 834; x_wconf 87' lang='lat' dir='ltr'>tutandae</span> <span class='ocrx_word' id='word_1_82' title='bbox 822 796 957 835; x_wconf 86' lang='lat' dir='ltr'>salutis</span> <span class='ocrx_word' id='word_1_83' title='bbox 994 809 1108 835; x_wconf 86' lang='lat' dir='ltr'>causa</span> <span class='ocrx_word' id='word_1_84' title='bbox 1140 795 1249 847; x_wconf 85' lang='lat' dir='ltr'>gerit,</span> <span class='ocrx_word' id='word_1_85' title='bbox 1281 808 1359 835; x_wconf 90' lang='lat' dir='ltr'>non</span> <span class='ocrx_word' id='word_1_86' title='bbox 1390 795 1546 835; x_wconf 89' lang='lat' dir='ltr'>uidetur</span> <span class='ocrx_word' id='word_1_87' title='bbox 1577 795 1650 834; x_wconf 89' lang='lat' dir='ltr'>ho-</span> 
     </span>
     <span class='ocr_line' id='line_1_15' title="bbox 229 852 1650 904; baseline -0.001 -13"><span class='ocrx_word' id='word_1_88' title='bbox 229 852 344 892; x_wconf 90' lang='lat' dir='ltr'>minis</span> <span class='ocrx_word' id='word_1_89' title='bbox 385 852 582 891; x_wconf 88' lang='lat' dir='ltr'>occidendi</span> <span class='ocrx_word' id='word_1_90' title='bbox 620 864 734 891; x_wconf 83' lang='lat' dir='ltr'>causa</span> <span class='ocrx_word' id='word_1_91' title='bbox 771 859 938 904; x_wconf 88' lang='lat' dir='ltr'>portare.</span> <span class='ocrx_word' id='word_1_92' title='bbox 1009 853 1074 892; x_wconf 86' lang='lat' dir='ltr'>teli</span> <span class='ocrx_word' id='word_1_93' title='bbox 1110 860 1239 892; x_wconf 90' lang='lat' dir='ltr'>autem</span> <span class='ocrx_word' id='word_1_94' title='bbox 1277 852 1531 904; x_wconf 82' lang='lat' dir='ltr'>appellatione</span> <span class='ocrx_word' id='word_1_95' title='bbox 1571 864 1650 890; x_wconf 87' lang='lat' dir='ltr'>non</span> 
     </span>
     <span class='ocr_line' id='line_1_16' title="bbox 229 908 1651 960; baseline -0.001 -12"><span class='ocrx_word' id='word_1_96' title='bbox 229 916 380 948; x_wconf 87' lang='lat' dir='ltr'>tantum</span> <span class='ocrx_word' id='word_1_97' title='bbox 427 911 573 948; x_wconf 88' lang='lat' dir='ltr'>ferrum</span> <span class='ocrx_word' id='word_1_98' title='bbox 621 908 856 957; x_wconf 83' lang='lat' dir='ltr'>continetur,</span> <span class='ocrx_word' id='word_1_99' title='bbox 903 909 970 949; x_wconf 92' lang='lat' dir='ltr'>sed</span> <span class='ocrx_word' id='word_1_100' title='bbox 1015 922 1142 957; x_wconf 87' lang='lat' dir='ltr'>omne,</span> <span class='ocrx_word' id='word_1_101' title='bbox 1188 910 1292 960; x_wconf 91' lang='lat' dir='ltr'>quod</span> <span class='ocrx_word' id='word_1_102' title='bbox 1329 909 1494 949; x_wconf 83' lang='lat' dir='ltr'>nocendi</span> <span class='ocrx_word' id='word_1_103' title='bbox 1536 921 1651 948; x_wconf 86' lang='lat' dir='ltr'>causa</span> 
     </span>
     <span class='ocr_line' id='line_1_17' title="bbox 228 971 530 1017; baseline -0.003 -12"><span class='ocrx_word' id='word_1_104' title='bbox 228 971 424 1017; x_wconf 89' lang='lat' dir='ltr'>portatum</span> <span class='ocrx_word' id='word_1_105' title='bbox 458 973 530 1005; x_wconf 89' lang='lat' dir='ltr'>est.</span> 
     </span>
    </p>
   </div>
   <div class='ocr_carea' id='block_1_5' title="bbox 320 1079 1453 1180">
    <p class='ocr_par' dir='ltr' id='par_1_8' title="bbox 320 1079 1453 1180">
     <span class='ocr_line' id='line_1_18' title="bbox 320 1079 1453 1135; baseline 0 -11"><span class='ocrx_word' id='word_1_106' title='bbox 320 1103 347 1124; x_wconf 76' lang='lat' dir='ltr'>c.</span> <span class='ocrx_word' id='word_1_107' title='bbox 377 1092 426 1133; x_wconf 86' lang='lat'>13,</span> <span class='ocrx_word' id='word_1_108' title='bbox 457 1094 471 1125; x_wconf 91' lang='lat'>1</span> <span class='ocrx_word' id='word_1_109' title='bbox 499 1107 542 1118; x_wconf 84' lang='lat'>=</span> <span class='ocrx_word' id='word_1_110' title='bbox 566 1092 645 1135; x_wconf 73' lang='lat' dir='ltr'>mg.</span> <span class='ocrx_word' id='word_1_111' title='bbox 671 1092 726 1131; x_wconf 80' lang='lat'>48,</span> <span class='ocrx_word' id='word_1_112' title='bbox 751 1093 782 1134; x_wconf 87' lang='lat'>6,</span> <span class='ocrx_word' id='word_1_113' title='bbox 811 1093 862 1134; x_wconf 86' lang='lat'>11,</span> <span class='ocrx_word' id='word_1_114' title='bbox 888 1093 927 1133; x_wconf 70' lang='lat'>23</span> <span class='ocrx_word' id='word_1_115' title='bbox 952 1094 1029 1125; x_wconf 60' lang='lat' dir='ltr'>hinc</span> <span class='ocrx_word' id='word_1_116' title='bbox 1054 1079 1131 1125; x_wconf 43' lang='lat' dir='ltr'>reat.</span> <span class='ocrx_word' id='word_1_117' title='bbox 1158 1092 1256 1125; x_wconf 69' lang='lat' dir='ltr'>pauc.</span> <span class='ocrx_word' id='word_1_118' title='bbox 1285 1094 1316 1134; x_wconf 84' lang='lat'>5,</span> <span class='ocrx_word' id='word_1_119' title='bbox 1342 1093 1397 1133; x_wconf 86' lang='lat'>23,</span> <span class='ocrx_word' id='word_1_120' title='bbox 1423 1093 1453 1124; x_wconf 88' lang='lat'>7.</span> 
     </span>
     <span class='ocr_line' id='line_1_19' title="bbox 320 1138 1002 1180; baseline 0.001 -11"><span class='ocrx_word' id='word_1_121' title='bbox 320 1149 347 1169; x_wconf 86' lang='lat' dir='ltr'>c.</span> <span class='ocrx_word' id='word_1_122' title='bbox 378 1138 429 1180; x_wconf 86' lang='lat'>13,</span> <span class='ocrx_word' id='word_1_123' title='bbox 456 1138 474 1168; x_wconf 83' lang='lat'>2</span> <span class='ocrx_word' id='word_1_124' title='bbox 500 1138 579 1170; x_wconf 75' lang='grc' dir='ltr'><em>Ιιίηο,</em></span> <span class='ocrx_word' id='word_1_125' title='bbox 600 1140 681 1170; x_wconf 78' lang='lat' dir='ltr'>rest.</span> <span class='ocrx_word' id='word_1_126' title='bbox 710 1138 807 1170; x_wconf 72' lang='lat' dir='ltr'>Paul.</span> <span class='ocrx_word' id='word_1_127' title='bbox 834 1140 864 1178; x_wconf 88' lang='lat'>5,</span> <span class='ocrx_word' id='word_1_128' title='bbox 892 1138 946 1179; x_wconf 81' lang='lat'>23,</span> <span class='ocrx_word' id='word_1_129' title='bbox 973 1139 1002 1170; x_wconf 83' lang='grc'>7.</span> 
     </span>
    </p>
   </div>
   <div class='ocr_carea' id='block_1_6' title="bbox 237 1218 1259 1227">
    <p class='ocr_par' dir='ltr' id='par_1_9' title="bbox 237 1218 1259 1227">
     <span class='ocr_line' id='line_1_20' title="bbox 237 1218 1259 1227; baseline -0.002 0"><span class='ocrx_word' id='word_1_130' title='bbox 237 1220 243 1227; x_wconf 69' lang='grc' dir='ltr'><em>ι</em></span> <span class='ocrx_word' id='word_1_131' title='bbox 246 1219 293 1225; x_wconf 54' lang='lat' dir='ltr'>&lt;vs</span> <span class='ocrx_word' id='word_1_132' title='bbox 302 1218 380 1225; x_wconf 46' lang='lat' dir='ltr'>vaeoex.</span> <span class='ocrx_word' id='word_1_133' title='bbox 383 1218 543 1225; x_wconf 29' lang='lat' dir='ltr'>wat-Assem».</span> <span class='ocrx_word' id='word_1_134' title='bbox 546 1218 811 1226; x_wconf 45' lang='lat' dir='ltr'>*f‘ufxfWN-&#39;MAW</span> <span class='ocrx_word' id='word_1_135' title='bbox 814 1219 829 1225; x_wconf 47' lang='lat'>&lt;—</span> <span class='ocrx_word' id='word_1_136' title='bbox 832 1224 835 1225; x_wconf 30' lang='lat'><em>⁷</em></span> <span class='ocrx_word' id='word_1_137' title='bbox 838 1219 859 1225; x_wconf 57' lang='grc' dir='ltr'>»υ</span> <span class='ocrx_word' id='word_1_138' title='bbox 862 1219 1087 1226; x_wconf 33' lang='grc' dir='ltr'>ωΙῙΙΓΝμκφκμψμ</span> <span class='ocrx_word' id='word_1_139' title='bbox 1090 1220 1120 1226; x_wconf 66' lang='lat' dir='ltr'><em>N</em></span> <span class='ocrx_word' id='word_1_140' title='bbox 1124 1220 1201 1226; x_wconf 56' lang='grc' dir='ltr'>,υνω</span> <span class='ocrx_word' id='word_1_141' title='bbox 1204 1220 1259 1225; x_wconf 70' lang='lat' dir='ltr'>m.</span> 
     </span>
    </p>
   </div>
   <div class='ocr_carea' id='block_1_7' title="bbox 1259 1219 1350 1225">
    <p class='ocr_par' dir='ltr' id='par_1_10' title="bbox 1259 1219 1350 1225">
     <span class='ocr_line' id='line_1_21' title="bbox 1259 1219 1350 1225; baseline 0 0"><span class='ocrx_word' id='word_1_142' title='bbox 1259 1219 1350 1225; x_wconf 95' lang='lat' dir='ltr'> </span> 
     </span>
    </p>
   </div>
   <div class='ocr_carea' id='block_1_8' title="bbox 1399 1218 1529 1225">
    <p class='ocr_par' dir='ltr' id='par_1_11' title="bbox 1399 1218 1529 1225">
     <span class='ocr_line' id='line_1_22' title="bbox 1399 1218 1529 1225; baseline 0 1786"><span class='ocrx_word' id='word_1_143' title='bbox 1399 1218 1529 1225; x_wconf 95' lang='lat' dir='ltr'> </span> 
     </span>
    </p>
   </div>
   <div class='ocr_carea' id='block_1_9' title="bbox 230 1263 1656 1672">
    <p class='ocr_par' dir='ltr' id='par_1_12' title="bbox 230 1263 1656 1672">
     <span class='ocr_line' id='line_1_23' title="bbox 324 1263 1653 1309; baseline -0.002 -10"><span class='ocrx_word' id='word_1_144' title='bbox 324 1267 338 1299; x_wconf 95' lang='lat'>1</span> <span class='ocrx_word' id='word_1_145' title='bbox 376 1267 526 1308; x_wconf 82' lang='lat' dir='ltr'>poenam]</span> <span class='ocrx_word' id='word_1_146' title='bbox 565 1276 744 1308; x_wconf 82' lang='lat' dir='ltr'>poenarum</span> <span class='ocrx_word' id='word_1_147' title='bbox 786 1265 883 1298; x_wconf 75' lang='lat' dir='ltr'>Char.</span> <span class='ocrx_word' id='word_1_148' title='bbox 931 1264 947 1309; x_wconf 84' lang='grc' dir='ltr'>ΙΙ</span> <span class='ocrx_word' id='word_1_149' title='bbox 1001 1268 1070 1305; x_wconf 84' lang='lat' dir='ltr'>aut]</span> <span class='ocrx_word' id='word_1_150' title='bbox 1108 1277 1149 1298; x_wconf 79' lang='lat' dir='ltr'>an</span> <span class='ocrx_word' id='word_1_151' title='bbox 1188 1266 1231 1306; x_wconf 90' lang='lat' dir='ltr'>V,</span> <span class='ocrx_word' id='word_1_152' title='bbox 1269 1270 1377 1298; x_wconf 85' lang='lat' dir='ltr'>autem</span> <span class='ocrx_word' id='word_1_153' title='bbox 1409 1270 1485 1297; x_wconf 81' lang='lat' dir='ltr'>ante</span> <span class='ocrx_word' id='word_1_154' title='bbox 1526 1265 1583 1298; x_wconf 86' lang='lat' dir='ltr'>W.</span> <span class='ocrx_word' id='word_1_155' title='bbox 1637 1263 1653 1308; x_wconf 74' lang='grc' dir='ltr'>ΙΙ</span> 
     </span>
     <span class='ocr_line' id='line_1_24' title="bbox 232 1310 1656 1354; baseline 0 -12"><span class='ocrx_word' id='word_1_156' title='bbox 232 1312 365 1351; x_wconf 83' lang='lat' dir='ltr'>iustam]</span> <span class='ocrx_word' id='word_1_157' title='bbox 393 1311 484 1352; x_wconf 65' lang='lat' dir='ltr'>Dign,</span> <span class='ocrx_word' id='word_1_158' title='bbox 516 1311 683 1343; x_wconf 81' lang='lat' dir='ltr'>iustitiam</span> <span class='ocrx_word' id='word_1_159' title='bbox 715 1311 793 1343; x_wconf 70' lang='lat' dir='ltr'>libri</span> <span class='ocrx_word' id='word_1_160' title='bbox 821 1314 851 1343; x_wconf 75' lang='lat' dir='ltr'>et</span> <span class='ocrx_word' id='word_1_161' title='bbox 878 1310 976 1343; x_wconf 72' lang='lat' dir='ltr'>Char.</span> <span class='ocrx_word' id='word_1_162' title='bbox 1009 1310 1024 1354; x_wconf 79' lang='grc' dir='ltr'>ΙΙ</span> <span class='ocrx_word' id='word_1_163' title='bbox 1059 1314 1257 1353; x_wconf 80' lang='lat' dir='ltr'>prouocare]</span> <span class='ocrx_word' id='word_1_164' title='bbox 1289 1312 1413 1343; x_wconf 82' lang='lat' dir='ltr'>elicere</span> <span class='ocrx_word' id='word_1_165' title='bbox 1450 1310 1524 1354; x_wconf 70' lang='lat' dir='ltr'>Dig.</span> <span class='ocrx_word' id='word_1_166' title='bbox 1562 1311 1656 1349; x_wconf 79' lang='lat' dir='ltr'>(ante</span> 
     </span>
     <span class='ocr_line' id='line_1_25' title="bbox 230 1355 1655 1399; baseline -0.001 -10"><span class='ocrx_word' id='word_1_167' title='bbox 230 1357 345 1397; x_wconf 82' lang='lat' dir='ltr'>corr.),</span> <span class='ocrx_word' id='word_1_168' title='bbox 373 1356 500 1397; x_wconf 82' lang='lat' dir='ltr'>eligere</span> <span class='ocrx_word' id='word_1_169' title='bbox 525 1356 604 1398; x_wconf 68' lang='lat' dir='ltr'>Dig.</span> <span class='ocrx_word' id='word_1_170' title='bbox 631 1358 662 1393; x_wconf 84' lang='lat' dir='ltr'>(e</span> <span class='ocrx_word' id='word_1_171' title='bbox 685 1358 783 1396; x_wconf 79' lang='lat' dir='ltr'>corr).</span> <span class='ocrx_word' id='word_1_172' title='bbox 822 1355 837 1399; x_wconf 78' lang='grc' dir='ltr'>ΙΙ</span> <span class='ocrx_word' id='word_1_173' title='bbox 877 1362 935 1388; x_wconf 80' lang='lat' dir='ltr'>aut</span> <span class='ocrx_word' id='word_1_174' title='bbox 959 1357 1069 1397; x_wconf 83' lang='lat' dir='ltr'>temp.]</span> <span class='ocrx_word' id='word_1_175' title='bbox 1093 1362 1236 1398; x_wconf 83' lang='lat' dir='ltr'>auteinp.</span> <span class='ocrx_word' id='word_1_176' title='bbox 1265 1357 1307 1389; x_wconf 90' lang='lat' dir='ltr'>V.</span> <span class='ocrx_word' id='word_1_177' title='bbox 1346 1355 1362 1399; x_wconf 71' lang='grc' dir='ltr'>Η</span> <span class='ocrx_word' id='word_1_178' title='bbox 1403 1356 1421 1387; x_wconf 89' lang='grc'><strong>3</strong></span> <span class='ocrx_word' id='word_1_179' title='bbox 1447 1356 1655 1388; x_wconf 85' lang='lat' dir='ltr'>modestinus</span> 
     </span>
     <span class='ocr_line' id='line_1_26' title="bbox 232 1400 1653 1444; baseline 0 -11"><span class='ocrx_word' id='word_1_180' title='bbox 232 1403 321 1433; x_wconf 86' lang='lat' dir='ltr'>libro</span> <span class='ocrx_word' id='word_1_181' title='bbox 359 1402 494 1439; x_wconf 84' lang='lat' dir='ltr'>(librum</span> <span class='ocrx_word' id='word_1_182' title='bbox 522 1400 667 1441; x_wconf 83' lang='lat' dir='ltr'><em>W)...</em></span> <span class='ocrx_word' id='word_1_183' title='bbox 699 1402 802 1433; x_wconf 87' lang='lat' dir='ltr'>titulo</span> <span class='ocrx_word' id='word_1_184' title='bbox 834 1411 896 1433; x_wconf 83' lang='lat' dir='ltr'>om.</span> <span class='ocrx_word' id='word_1_185' title='bbox 924 1401 966 1434; x_wconf 91' lang='lat' dir='ltr'>V.</span> <span class='ocrx_word' id='word_1_186' title='bbox 1015 1400 1030 1444; x_wconf 81' lang='grc'>11</span> <span class='ocrx_word' id='word_1_187' title='bbox 1081 1403 1101 1433; x_wconf 86' lang='grc'>4</span> <span class='ocrx_word' id='word_1_188' title='bbox 1132 1412 1206 1442; x_wconf 85' lang='lat' dir='ltr'>gen.</span> <span class='ocrx_word' id='word_1_189' title='bbox 1237 1402 1316 1444; x_wconf 90' lang='lat' dir='ltr'>loq.]</span> <span class='ocrx_word' id='word_1_190' title='bbox 1348 1403 1413 1443; x_wconf 85' lang='lat' dir='ltr'>loq.</span> <span class='ocrx_word' id='word_1_191' title='bbox 1446 1401 1548 1433; x_wconf 80' lang='lat' dir='ltr'>aliter</span> <span class='ocrx_word' id='word_1_192' title='bbox 1575 1401 1653 1435; x_wconf 79' lang='lat' dir='ltr'>Wa.</span> 
     </span>
     <span class='ocr_line' id='line_1_27' title="bbox 232 1444 1654 1490; baseline 0.001 -12"><span class='ocrx_word' id='word_1_193' title='bbox 232 1445 248 1490; x_wconf 82' lang='grc' dir='ltr'>ΙΙ</span> <span class='ocrx_word' id='word_1_194' title='bbox 288 1447 306 1478; x_wconf 90' lang='grc'><strong>5</strong></span> <span class='ocrx_word' id='word_1_195' title='bbox 348 1447 611 1487; x_wconf 83' lang='lat' dir='ltr'>delinquentium</span> <span class='ocrx_word' id='word_1_196' title='bbox 646 1445 703 1479; x_wconf 88' lang='lat' dir='ltr'>W.</span> <span class='ocrx_word' id='word_1_197' title='bbox 753 1444 769 1489; x_wconf 85' lang='grc' dir='ltr'>ΙΙ</span> <span class='ocrx_word' id='word_1_198' title='bbox 824 1447 921 1478; x_wconf 87' lang='lat' dir='ltr'>ciuili</span> <span class='ocrx_word' id='word_1_199' title='bbox 955 1447 997 1485; x_wconf 81' lang='lat' dir='ltr'>B,</span> <span class='ocrx_word' id='word_1_200' title='bbox 1039 1447 1161 1478; x_wconf 88' lang='lat' dir='ltr'>ciuiles</span> <span class='ocrx_word' id='word_1_201' title='bbox 1195 1446 1251 1479; x_wconf 87' lang='lat' dir='ltr'>W.</span> <span class='ocrx_word' id='word_1_202' title='bbox 1305 1445 1320 1490; x_wconf 83' lang='grc' dir='ltr'>ΙΙ</span> <span class='ocrx_word' id='word_1_203' title='bbox 1373 1446 1392 1477; x_wconf 87' lang='grc'>6</span> <span class='ocrx_word' id='word_1_204' title='bbox 1428 1446 1654 1488; x_wconf 48' lang='lat' dir='ltr'>ueniamiW.</span> 
     </span>
     <span class='ocr_line' id='line_1_28' title="bbox 233 1489 1655 1535; baseline 0 -12"><span class='ocrx_word' id='word_1_205' title='bbox 233 1491 249 1535; x_wconf 81' lang='grc' dir='ltr'>ΙΙ</span> <span class='ocrx_word' id='word_1_206' title='bbox 289 1491 377 1523; x_wconf 86' lang='lat' dir='ltr'>facto</span> <span class='ocrx_word' id='word_1_207' title='bbox 404 1491 499 1531; x_wconf 87' lang='lat' dir='ltr'>VW,</span> <span class='ocrx_word' id='word_1_208' title='bbox 536 1496 631 1534; x_wconf 84' lang='lat' dir='ltr'>pacto</span> <span class='ocrx_word' id='word_1_209' title='bbox 656 1492 695 1524; x_wconf 82' lang='lat' dir='ltr'>B.</span> <span class='ocrx_word' id='word_1_210' title='bbox 736 1489 751 1534; x_wconf 86' lang='grc' dir='ltr'>ΙΙ</span> <span class='ocrx_word' id='word_1_211' title='bbox 790 1492 808 1522; x_wconf 83' lang='grc'>’7</span> <span class='ocrx_word' id='word_1_212' title='bbox 840 1492 895 1533; x_wconf 88' lang='lat' dir='ltr'>qui</span> <span class='ocrx_word' id='word_1_213' title='bbox 922 1492 1055 1523; x_wconf 86' lang='lat' dir='ltr'>scilicet</span> <span class='ocrx_word' id='word_1_214' title='bbox 1086 1491 1175 1528; x_wconf 81' lang='lat' dir='ltr'>BW,</span> <span class='ocrx_word' id='word_1_215' title='bbox 1213 1492 1286 1533; x_wconf 87' lang='lat' dir='ltr'>quis</span> <span class='ocrx_word' id='word_1_216' title='bbox 1324 1493 1404 1524; x_wconf 88' lang='lat' dir='ltr'>licet</span> <span class='ocrx_word' id='word_1_217' title='bbox 1440 1491 1483 1524; x_wconf 91' lang='lat' dir='ltr'>V.</span> <span class='ocrx_word' id='word_1_218' title='bbox 1521 1489 1538 1534; x_wconf 79' lang='grc' dir='ltr'>ΙΙ</span> <span class='ocrx_word' id='word_1_219' title='bbox 1577 1502 1655 1523; x_wconf 89' lang='lat' dir='ltr'>con-</span> 
     </span>
     <span class='ocr_line' id='line_1_29' title="bbox 233 1535 1655 1581; baseline 0.001 -13"><span class='ocrx_word' id='word_1_220' title='bbox 233 1537 347 1569; x_wconf 88' lang='lat' dir='ltr'>silium</span> <span class='ocrx_word' id='word_1_221' title='bbox 383 1537 439 1569; x_wconf 88' lang='lat' dir='ltr'>W.</span> <span class='ocrx_word' id='word_1_222' title='bbox 482 1535 498 1580; x_wconf 84' lang='grc' dir='ltr'>Η</span> <span class='ocrx_word' id='word_1_223' title='bbox 535 1543 707 1579; x_wconf 80' lang='lat' dir='ltr'>praestare</span> <span class='ocrx_word' id='word_1_224' title='bbox 741 1536 797 1569; x_wconf 88' lang='lat' dir='ltr'>W.</span> <span class='ocrx_word' id='word_1_225' title='bbox 834 1535 850 1580; x_wconf 78' lang='grc'>11</span> <span class='ocrx_word' id='word_1_226' title='bbox 891 1537 910 1569; x_wconf 86' lang='grc'>8</span> <span class='ocrx_word' id='word_1_227' title='bbox 947 1537 1093 1569; x_wconf 78' lang='lat' dir='ltr'>additam</span> <span class='ocrx_word' id='word_1_228' title='bbox 1127 1537 1182 1570; x_wconf 86' lang='lat' dir='ltr'>W.</span> <span class='ocrx_word' id='word_1_229' title='bbox 1221 1536 1236 1581; x_wconf 84' lang='grc' dir='ltr'>Η</span> <span class='ocrx_word' id='word_1_230' title='bbox 1276 1537 1530 1569; x_wconf 80' lang='lat' dir='ltr'>distinctionem</span> <span class='ocrx_word' id='word_1_231' title='bbox 1565 1537 1655 1570; x_wconf 90' lang='lat' dir='ltr'>BW.</span> 
     </span>
     <span class='ocr_line' id='line_1_30' title="bbox 233 1581 1656 1626; baseline 0 -11"><span class='ocrx_word' id='word_1_232' title='bbox 233 1581 248 1626; x_wconf 83' lang='grc' dir='ltr'>ΙΙ</span> <span class='ocrx_word' id='word_1_233' title='bbox 276 1584 295 1615; x_wconf 79' lang='grc'>9</span> <span class='ocrx_word' id='word_1_234' title='bbox 321 1582 449 1614; x_wconf 77' lang='lat' dir='ltr'>sciente</span> <span class='ocrx_word' id='word_1_235' title='bbox 475 1584 515 1613; x_wconf 84' lang='lat' dir='ltr'>ad</span> <span class='ocrx_word' id='word_1_236' title='bbox 543 1583 719 1623; x_wconf 82' lang='lat' dir='ltr'>ignorante</span> <span class='ocrx_word' id='word_1_237' title='bbox 746 1582 783 1622; x_wconf 87' lang='grc' dir='ltr'>Β,</span> <span class='ocrx_word' id='word_1_238' title='bbox 811 1583 975 1614; x_wconf 82' lang='lat' dir='ltr'>scientiae</span> <span class='ocrx_word' id='word_1_239' title='bbox 1002 1593 1040 1614; x_wconf 83' lang='lat' dir='ltr'>an</span> <span class='ocrx_word' id='word_1_240' title='bbox 1068 1583 1283 1623; x_wconf 87' lang='lat' dir='ltr'>ignorantiae</span> <span class='ocrx_word' id='word_1_241' title='bbox 1302 1583 1366 1615; x_wconf 72' lang='lat' dir='ltr'>Va.</span> <span class='ocrx_word' id='word_1_242' title='bbox 1395 1581 1410 1626; x_wconf 78' lang='grc' dir='ltr'>ΙΙ</span> <span class='ocrx_word' id='word_1_243' title='bbox 1439 1583 1565 1624; x_wconf 83' lang='lat' dir='ltr'>aliquo]</span> <span class='ocrx_word' id='word_1_244' title='bbox 1592 1583 1656 1615; x_wconf 87' lang='lat' dir='ltr'>ali-</span> 
     </span>
     <span class='ocr_line' id='line_1_31' title="bbox 233 1626 1652 1672; baseline 0.001 -14"><span class='ocrx_word' id='word_1_245' title='bbox 233 1629 318 1671; x_wconf 84' lang='lat' dir='ltr'>quod</span> <span class='ocrx_word' id='word_1_246' title='bbox 338 1627 378 1660; x_wconf 93' lang='lat' dir='ltr'>V.</span> <span class='ocrx_word' id='word_1_247' title='bbox 407 1626 422 1671; x_wconf 87' lang='grc' dir='ltr'>ΙΙ</span> <span class='ocrx_word' id='word_1_248' title='bbox 454 1630 492 1661; x_wconf 85' lang='grc'>10</span> <span class='ocrx_word' id='word_1_249' title='bbox 513 1628 611 1663; x_wconf 60' lang='grc' dir='ltr'>ΔΙίἱκὲι·</span> <span class='ocrx_word' id='word_1_250' title='bbox 637 1633 670 1660; x_wconf 89' lang='lat' dir='ltr'>et</span> <span class='ocrx_word' id='word_1_251' title='bbox 698 1629 833 1660; x_wconf 89' lang='lat' dir='ltr'>titulum</span> <span class='ocrx_word' id='word_1_252' title='bbox 862 1628 919 1661; x_wconf 89' lang='lat' dir='ltr'>W.</span> <span class='ocrx_word' id='word_1_253' title='bbox 950 1626 965 1671; x_wconf 80' lang='grc' dir='ltr'>Η</span> <span class='ocrx_word' id='word_1_254' title='bbox 999 1628 1065 1671; x_wconf 89' lang='lat' dir='ltr'>qui]</span> <span class='ocrx_word' id='word_1_255' title='bbox 1092 1629 1175 1670; x_wconf 90' lang='lat' dir='ltr'>quod</span> <span class='ocrx_word' id='word_1_256' title='bbox 1200 1629 1280 1661; x_wconf 66' lang='lat' dir='ltr'>libri</span> <span class='ocrx_word' id='word_1_257' title='bbox 1303 1629 1350 1671; x_wconf 77' lang='lat' dir='ltr'>cf.</span> <span class='ocrx_word' id='word_1_258' title='bbox 1380 1629 1454 1669; x_wconf 85' lang='lat'>137,</span> <span class='ocrx_word' id='word_1_259' title='bbox 1480 1627 1534 1660; x_wconf 87' lang='lat'>20.</span> <span class='ocrx_word' id='word_1_260' title='bbox 1566 1626 1582 1672; x_wconf 77' lang='grc' dir='ltr'>Η</span> <span class='ocrx_word' id='word_1_261' title='bbox 1615 1628 1652 1660; x_wconf 93' lang='grc'>11</span> 
     </span>
    </p>
   </div>
   <div class='ocr_carea' id='block_1_10' title="bbox 233 1671 1656 1808">
    <p class='ocr_par' dir='ltr' id='par_1_13' title="bbox 233 1671 1656 1808">
     <span class='ocr_line' id='line_1_32' title="bbox 233 1671 1655 1717; baseline 0.001 -13"><span class='ocrx_word' id='word_1_262' title='bbox 233 1674 404 1713; x_wconf 85' lang='lat' dir='ltr'>tutandae]</span> <span class='ocrx_word' id='word_1_263' title='bbox 436 1677 511 1705; x_wconf 83' lang='lat' dir='ltr'>tuta</span> <span class='ocrx_word' id='word_1_264' title='bbox 544 1674 583 1705; x_wconf 91' lang='lat' dir='ltr'>de</span> <span class='ocrx_word' id='word_1_265' title='bbox 612 1673 657 1714; x_wconf 89' lang='lat' dir='ltr'>V,</span> <span class='ocrx_word' id='word_1_266' title='bbox 693 1678 783 1705; x_wconf 83' lang='lat' dir='ltr'>tutat</span> <span class='ocrx_word' id='word_1_267' title='bbox 807 1674 845 1705; x_wconf 90' lang='lat' dir='ltr'>de</span> <span class='ocrx_word' id='word_1_268' title='bbox 873 1672 929 1706; x_wconf 91' lang='lat' dir='ltr'>W.</span> <span class='ocrx_word' id='word_1_269' title='bbox 966 1672 982 1717; x_wconf 80' lang='grc' dir='ltr'>Η</span> <span class='ocrx_word' id='word_1_270' title='bbox 1019 1675 1155 1713; x_wconf 84' lang='lat' dir='ltr'>salutis]</span> <span class='ocrx_word' id='word_1_271' title='bbox 1187 1684 1213 1706; x_wconf 90' lang='lat' dir='ltr'>s.</span> <span class='ocrx_word' id='word_1_272' title='bbox 1247 1684 1326 1706; x_wconf 85' lang='lat' dir='ltr'>suae</span> <span class='ocrx_word' id='word_1_273' title='bbox 1354 1674 1430 1715; x_wconf 72' lang='lat' dir='ltr'>Dig.</span> <span class='ocrx_word' id='word_1_274' title='bbox 1467 1671 1485 1716; x_wconf 86' lang='grc' dir='ltr'>Η</span> <span class='ocrx_word' id='word_1_275' title='bbox 1523 1684 1655 1706; x_wconf 82' lang='lat' dir='ltr'>causam</span> 
     </span>
     <span class='ocr_line' id='line_1_33' title="bbox 234 1716 1656 1762; baseline 0.001 -12"><span class='ocrx_word' id='word_1_276' title='bbox 234 1719 276 1751; x_wconf 91' lang='lat' dir='ltr'>V.</span> <span class='ocrx_word' id='word_1_277' title='bbox 328 1716 344 1761; x_wconf 80' lang='grc' dir='ltr'>Η</span> <span class='ocrx_word' id='word_1_278' title='bbox 391 1719 492 1759; x_wconf 85' lang='lat' dir='ltr'>gerit]</span> <span class='ocrx_word' id='word_1_279' title='bbox 520 1718 613 1758; x_wconf 86' lang='lat' dir='ltr'>VW,</span> <span class='ocrx_word' id='word_1_280' title='bbox 645 1723 762 1759; x_wconf 83' lang='lat' dir='ltr'>ageret</span> <span class='ocrx_word' id='word_1_281' title='bbox 786 1719 825 1759; x_wconf 92' lang='lat' dir='ltr'>B,</span> <span class='ocrx_word' id='word_1_282' title='bbox 857 1725 978 1759; x_wconf 83' lang='lat' dir='ltr'>gerunt</span> <span class='ocrx_word' id='word_1_283' title='bbox 1008 1719 1088 1761; x_wconf 69' lang='lat' dir='ltr'>Dig.</span> <span class='ocrx_word' id='word_1_284' title='bbox 1127 1717 1142 1762; x_wconf 87' lang='grc' dir='ltr'>ΙΙ</span> <span class='ocrx_word' id='word_1_285' title='bbox 1181 1720 1337 1752; x_wconf 81' lang='lat' dir='ltr'>uideatur</span> <span class='ocrx_word' id='word_1_286' title='bbox 1368 1720 1460 1758; x_wconf 72' lang='lat' dir='ltr'>libri,</span> <span class='ocrx_word' id='word_1_287' title='bbox 1495 1720 1656 1751; x_wconf 82' lang='lat' dir='ltr'>uidentur</span> 
     </span>
     <span class='ocr_line' id='line_1_34' title="bbox 234 1762 1654 1808; baseline 0.001 -14"><span class='ocrx_word' id='word_1_288' title='bbox 234 1763 311 1806; x_wconf 66' lang='lat' dir='ltr'>Dig.</span> <span class='ocrx_word' id='word_1_289' title='bbox 361 1762 376 1807; x_wconf 79' lang='grc' dir='ltr'>Η</span> <span class='ocrx_word' id='word_1_290' title='bbox 427 1764 578 1796; x_wconf 87' lang='lat' dir='ltr'>homines</span> <span class='ocrx_word' id='word_1_291' title='bbox 605 1764 649 1796; x_wconf 91' lang='lat' dir='ltr'>V.</span> <span class='ocrx_word' id='word_1_292' title='bbox 690 1762 705 1808; x_wconf 85' lang='grc' dir='ltr'>ΙΙ</span> <span class='ocrx_word' id='word_1_293' title='bbox 746 1765 785 1797; x_wconf 87' lang='grc'>12</span> <span class='ocrx_word' id='word_1_294' title='bbox 823 1775 956 1796; x_wconf 81' lang='lat' dir='ltr'>causam</span> <span class='ocrx_word' id='word_1_295' title='bbox 985 1764 1041 1798; x_wconf 89' lang='lat' dir='ltr'>W.</span> <span class='ocrx_word' id='word_1_296' title='bbox 1086 1762 1101 1808; x_wconf 77' lang='grc' dir='ltr'>Η</span> <span class='ocrx_word' id='word_1_297' title='bbox 1142 1765 1404 1808; x_wconf 83' lang='lat' dir='ltr'>appellationem</span> <span class='ocrx_word' id='word_1_298' title='bbox 1429 1764 1518 1797; x_wconf 72' lang='lat' dir='ltr'>libri.</span> <span class='ocrx_word' id='word_1_299' title='bbox 1555 1763 1571 1808; x_wconf 86' lang='grc' dir='ltr'>ΙΙ</span> <span class='ocrx_word' id='word_1_300' title='bbox 1614 1765 1654 1798; x_wconf 87' lang='grc'>13</span> 
     </span>
    </p>
   </div>
   <div class='ocr_carea' id='block_1_11' title="bbox 236 1808 614 1851">
    <p class='ocr_par' dir='ltr' id='par_1_14' title="bbox 236 1808 614 1851">
     <span class='ocr_line' id='line_1_35' title="bbox 236 1808 614 1851; baseline 0.005 -11"><span class='ocrx_word' id='word_1_301' title='bbox 236 1819 361 1840; x_wconf 87' lang='lat' dir='ltr'>omnem</span> <span class='ocrx_word' id='word_1_302' title='bbox 387 1808 424 1851; x_wconf 85' lang='lat' dir='ltr'>B,</span> <span class='ocrx_word' id='word_1_303' title='bbox 452 1810 538 1841; x_wconf 88' lang='lat' dir='ltr'>omni</span> <span class='ocrx_word' id='word_1_304' title='bbox 557 1809 614 1842; x_wconf 91' lang='lat' dir='ltr'>W.</span> 
     </span>
    </p>
   </div>
  </div>
 </body>
</html>
