1828 3011
235 151 426 180 commo
449 142 503 183 16,
523 152 601 179 7—9.
715 160 832 164 —-
899 142 980 182 198
1044 159 1159 162 —

96 262 147 302 16,
163 272 312 302 ⁷,2non
350 259 502 299 deferri.
564 259 645 298 suis
682 265 837 310 praetor
879 258 976 296 solet
1016 256 1278 307 emancipatos
1308 256 1449 295 liberos
1480 256 1650 305 itemque

234 316 391 356 ciuitate
437 317 598 355 donatos
644 315 877 364 coniungere
923 313 1009 351 data
1054 312 1245 351 bonorum
1286 312 1552 363 possessione,
1599 311 1651 350 ita

236 379 378 420 tamen,
402 378 444 411 ut
467 372 566 410 bona
589 371 621 410 si
643 384 717 422 qna
739 368 894 421 propria
918 369 1072 431 habent,
1097 368 1156 406 his
1179 369 1245 418 qui
1266 368 1306 406 in
1327 374 1517 420 potestate
1539 379 1652 406 man-

234 434 372 468 serunt
403 428 617 467 conferant.
670 439 759 465 nam
791 424 1073 475 aequissimum
1105 424 1259 475 putauit
1288 437 1412 475 neque
1443 437 1508 463 eos
1541 424 1651 463 bonis

234 485 406 548 pateinis
443 496 573 523 ca1e1e
610 495 681 534 per
721 483 805 528 hoc,
845 480 949 532 quod
985 493 1064 518 non
1101 486 1194 518 sunt
1234 479 1274 518 in
1305 486 1496 531 potestate
1526 493 1653 542 neque

234 542 439 593 praecipua
472 541 568 578 bona
599 538 755 590 propria
786 538 939 584 habere,
972 549 1060 575 cum
1093 542 1242 587 partem
1277 536 1356 574 sint
1387 536 1551 575 ablaturi
1572 536 1653 575 suis

236 597 456 636 heledibus.

97 655 148 696 16,
167 668 220 697 s,1
294 665 385 691 men
416 653 514 691 libro
546 650 612 701 qui
643 662 760 701 supra
789 649 876 699 [sub
908 648 1031 698 titulo]
1067 648 1112 686 de
1144 648 1225 686 suis
1257 647 1484 687 heredibus:

348 709 440 747 Post
471 714 628 757 agnatos
659 713 815 757 plaetol
846 712 960 744 uocat
987 710 1188 755 cognatos:
1222 704 1374 755 cognati
1395 709 1525 742 autem
1548 710 1652 750 sunt,

234 765 300 816 qui
338 777 409 803 nos
447 776 515 815 pel
556 768 705 814 pattem
745 768 812 801 aut
848 768 1013 800 matrem
1035 736 1306 810 ”continguntz
1354 765 1442 811 post
1472 766 1655 810 cognatos

198 830 213 853 2
235 822 364 860 uirum
398 826 436 858 et
467 831 641 858 uxoiem,
693 824 731 857 et
761 819 867 867 haec,
900 818 933 856 si
964 816 1031 868 qui
1062 817 1228 855 decessit
1254 829 1333 855 non
1355 816 1430 854 fuit
1450 815 1655 854 libertinus

238 877 299 916 uel
339 876 470 928 stirpis
511 875 732 914 libertinae:
774 880 948 913 cetetum
982 874 1013 912 si
1044 872 1249 911 libeitinus
1281 879 1340 912 est
1370 872 1433 911 uel
1462 872 1558 910 11he1
1565 879 1654 918 tina,

235 938 398 985 patrono
437 932 521 971 eius
552 931 723 982 legitima
754 930 949 970 hereditas
981 935 1216 981 patronaeue
1247 930 1328 979 lege
1360 928 1563 967 duodecim
1598 935 1657 967 ta-

236 989 416 1028 bularum
449 989 632 1027 defertur.

94 1049 150 1089 16,
167 1059 221 1090 9,1
295 1058 386 1083 man
418 1045 553 1084 eodem
585 1044 701 1083 libro:

350 1102 445 1140 Post
483 1101 668 1139 familiam
699 1098 854 1151 patroni
886 1104 999 1137 uocat
1030 1104 1186 1149 praetor
1216 1103 1426 1149 patronum
1457 1102 1495 1136 et
1524 1101 1658 1147 patro-

236 1170 339 1204 nam,
387 1158 481 1196 item
526 1157 667 1195 liberos
710 1162 748 1194 et
785 1161 966 1206 parentes
1003 1154 1157 1205 patroni
1196 1160 1234 1192 et
1275 1160 1471 1204 patronae,
1519 1152 1658 1192 deinde

202 1225 217 1248 2
239 1215 368 1254 uirum
411 1220 449 1252 et
488 1225 660 1257 uxorein,
703 1225 792 1250 mox
829 1218 1012 1261 cognatos
1044 1212 1196 1262 patroni
1227 1216 1266 1249 et
1296 1216 1492 1261 patronae.
1554 1208 1659 1259 quod

238 1271 271 1309 si
312 1271 344 1308 is
382 1269 448 1320 qui
487 1269 652 1308 decessit
687 1269 783 1307 liber
825 1267 899 1306 fuit
937 1268 1032 1316 [nec]
1067 1280 1113 1305 ex
1153 1266 1483 1317 remancipatione
1514 1277 1658 1303 manu-

239 1326 395 1372 missus,
442 1326 501 1364 lex
547 1325 703 1376 quidem
745 1323 947 1363 duodecim
989 1324 1208 1362 tabularum
1247 1321 1526 1361 manumissori
1562 1321 1656 1371 legi-

241 1382 374 1421 timam
408 1382 662 1420 hereditatem
695 1380 844 1426 detulit,
877 1380 943 1418 sed
974 1385 1129 1430 praetor
1159 1378 1350 1431 aequitate
1373 1384 1501 1417 motus
1525 1377 1658 1416 decem

239 1451 425 1490 personas
457 1444 711 1488 cognatorum
745 1437 779 1475 ei
810 1435 993 1488 praetulit
1023 1436 1114 1474 has:
1146 1443 1296 1487 patrem
1325 1440 1502 1481 matrem,
1535 1434 1658 1473 filium

240 1494 377 1539 tiliam,
417 1506 535 1532 auum
575 1494 716 1538 auiam,
753 1498 937 1544 nepotem
977 1497 1147 1543 neptem,
1186 1492 1346 1531 fratrem
1385 1502 1573 1536 sororem,
1610 1502 1660 1528 ne

204 1551 326 1601 ³quis
373 1550 574 1589 occasione
619 1549 715 1589 iuris
760 1548 956 1599 sanguinis
987 1548 1315 1587 necessitudinem
1349 1547 1532 1585 uinceret.
1593 1546 1660 1584 sed

239 1607 453 1658 imperator
485 1612 618 1645 noster
648 1606 688 1644 in
719 1604 998 1645 hereditatibus
1030 1617 1128 1656 quae
1159 1605 1206 1644 ab
1227 1605 1411 1643 intestato
1433 1603 1661 1642 deferuntur

241 1676 303 1702 eas
335 1663 434 1702 solas
467 1675 652 1714 personas
684 1663 808 1701 uoluit
829 1661 993 1708 admitti,
1026 1661 1168 1712 quibus
1192 1660 1362 1700 decimae
1382 1659 1658 1698 inmunitatem

239 1719 323 1771 ipse
355 1719 502 1758 tribuit.

798 1808 943 1850 (reliqna
968 1808 1103 1847 desunt)

267 1889 281 1898 κ
297 1890 301 1891 ⁷
323 1890 429 1897 :lsxxx
443 1889 718 1895 »rarxsdae-frfxxsss
719 1888 765 1895 ‘f
775 1888 974 1896 mxmmxwxx
976 1888 1058 1895 A-„m-
1062 1888 1112 1894 »κ
1130 1888 1179 1894 .·&'x
1182 1887 1256 1894 <m
1242 1887 1307 1893 m

336 1937 349 1968 1
378 1941 512 1978 praeter
534 1934 590 1967 W.
634 1935 643 1977 1
685 1935 773 1967 solet
799 1945 863 1967 om.
884 1934 938 1967 W.
990 1934 992 1975 ξ’
1036 1939 1069 1966 et
1096 1934 1300 1975 mancipatus
1320 1933 1357 1964 B.
1394 1932 1403 1974 1
1440 1933 1457 1964 2
1484 1932 1659 1964 ciuitatem

241 1983 383 2013 donatus
411 1981 497 2013 libri.
542 2019 543 2022 ¹
594 1981 824 2022 possessiones
850 1981 1100 2021 Izb1·i‚qztoram
1130 1978 1179 2011 W
1200 1980 1253 2010 laez'c
1278 1979 1366 2021 finit.
1416 1977 1418 2018 1
1462 1979 1510 2009 ita
1536 1978 1660 2015 tamen]

240 2028 275 2058 hi
301 2032 410 2058 tamen
438 2026 476 2057 Β.
520 2035 529 2066 j
573 2026 591 2057 3
618 2026 660 2064 si]
687 2026 733 2057 sit
758 2024 795 2056 B.
848 2024 849 2045 ³
893 2026 912 2056 4
939 2024 1090 2056 conferat
1108 2024 1145 2056 B.
1227 2025 1244 2054 5
1271 2024 1368 2066 quod]
1396 2022 1575 2063 Boeoktng,
1604 2022 1659 2063 qui

242 2070 279 2103 Β.
342 2102 343 2106 ,
397 2071 416 2101 6
443 2073 634 2113 precipuam
663 2072 778 2102 bonam
805 2069 843 2101 B.
898 2083 907 2099 11
961 2070 1125 2101 ablaturis
1158 2070 1230 2101 suis
1258 2035 1319 2100 hqoc
1345 2068 1482 2100 iedibus
1508 2066 1545 2098 B.
1588 2066 1597 2107 11
1641 2067 1660 2098 8

242 2118 319 2148 item
349 2115 386 2147 B.
443 2135 451 2158 *2
505 2116 593 2147 liber
620 2115 647 2146 B
673 2115 782 2154 (indm)
844 2114 845 2141 1
897 2114 956 2146 sub
990 2116 1091 2146 titulo
1124 2124 1186 2146 om.
1218 2113 1254 2145 Β.
1310 2112 1318 2155 11
1373 2114 1392 2144 9
1418 2116 1569 2152 agnatos,
1594 2121 1660 2142 non

242 2161 519 2201 consanguineos,
546 2164 582 2192 nt
607 2160 673 2191 αίίί
697 2159 972 2192 7·ettz1ler1mt.B.
1019 2181 1027 2201 ,1
1072 2160 1110 2191 13
1138 2164 1313 2212 patronum
1332 2157 1370 2189 B.
1410 2156 1421 2199 11
1455 2161 1659 2199 patronauae

244 2207 349 2248 legem
377 2205 414 2237 B.
464 2205 466 2221 ²
513 2206 552 2237 14
579 2206 729 2237 xefertur
751 2204 789 2236 B.
832 2204 841 2245 ἦ
887 2206 923 2237 17
952 2194 1036 2236 idem
1064 2204 1102 2236 Β
1139 2205 1147 2246 1
1182 2204 1270 2236 liber
1295 2203 1323 2234 B
1350 2202 1456 2242 (indm)
1493 2202 1503 2243 11
1539 2202 1578 2234 18
1604 2211 1660 2232 co-

241 2257 361 2292 gnatus
381 2250 418 2282 B.
470 2261 471 2291 1
517 2252 555 2283 19
589 2251 694 2282 libero
719 2250 757 2282 Β
808 2255 809 2292 1
852 2260 911 2282 nec
943 2249 1071 2282 addidi.
1114 2249 1123 2291 11
1166 2249 1457 2291 remacipationem
1483 2245 1521 2277 B.
1572 2245 1574 2287 1
1617 2246 1659 2277 20

242 2297 496 2329 manumissoris
522 2296 674 2336 legitima
702 2295 739 2326 B.
790 2297 791 2303 ¹
836 2295 877 2326 23
903 2297 1012 2334 auum]
1040 2295 1147 2326 auium
1167 2294 1204 2326 B.
1253 2294 1255 2332 1
1292 2294 1455 2336 nepotem]
1482 2296 1600 2333 nepote
1619 2289 1658 2322 B.

245 2341 254 2384 11
297 2342 339 2373 24
366 2342 597 2373 occansionem
616 2340 653 2371 B.
699 2362 708 2381 11
750 2340 804 2371 21)
821 2340 1022 2372 inmunitate
1040 2339 1079 2371 B.

1683 763 1728 798 10

1686 1044 1728 1079 15

1687 1609 1731 1643 25
