1828 3011
287 154 458 182 HERMOG.
773 162 888 167 ——-
951 144 1034 183 244
1096 161 1213 165 —-

792 260 850 299 De
882 258 1191 298 testamentis

555 327 783 366 Consultatio
814 325 851 370 6,
887 325 950 362 17.

753 426 823 475 [Aa
852 424 925 463 SC.
961 423 1231 472 Claudianum]

558 491 786 531 Consultatio
819 490 855 535 9,
889 490 925 526 7.

804 580 863 618 De
894 579 1186 631 pignoribus

399 651 486 690 Lem.
519 650 626 689 Rom.
657 649 774 700 Bury.
811 649 873 694 14,
908 647 1032 686 1-3:
1066 647 1225 686 Debitor
1255 646 1485 685 solutionem
1519 645 1702 684 differens

289 713 416 760 potest
444 707 489 746 ad
523 706 818 744 satisfactionem
851 704 1054 755 pignerum
1084 702 1336 754 usurpatione
1357 701 1546 753 compelli.
1597 701 1700 752 quod

291 772 417 803 tamen
450 763 531 802 sine
563 761 751 801 sententia
782 760 920 800 iudicis
944 760 1026 798 fieri
1047 772 1124 798 non
1147 758 1277 798 licebit
1297 758 1510 798 secundum
1535 757 1701 796 Hermo-

290 820 440 871 geniani
485 818 802 858 constitutionem
851 817 923 855 sub
968 816 1079 854 titulo
1125 816 1170 854 de
1210 815 1435 867 pigneribus
1477 813 1702 853 Diocletiani

290 884 327 915 et
358 875 577 914 Maximiani
614 875 658 913 ad
690 873 912 912 Viuentium
947 872 1185 911 Herennium
1218 871 1454 922 Antigonum
1495 870 1558 910 uel
1588 870 1700 908 aliam

290 933 333 972 ad
375 932 592 983 Septimum
637 931 778 969 datam.
840 930 976 968 Oblato
1018 928 1145 967 debito
1183 928 1245 967 uel
1286 927 1459 979 deposito
1498 926 1640 978 pignus
1681 939 1702 965 a

291 988 478 1027 creditore
526 987 607 1026 sine
653 986 834 1025 dilatione
879 986 1119 1024 reddendum
1161 991 1234 1023 est:
1282 984 1354 1023 sub
1401 983 1535 1022 eodem
1575 982 1703 1021 titulo.

292 1045 477 1095 Obligatis
516 1043 692 1083 cautione
726 1042 926 1094 mancipiis
959 1042 1108 1080 debitor
1138 1041 1318 1092 promisit
1348 1053 1388 1079 se
1419 1052 1558 1079 usuras
1588 1051 1702 1090 prae-

293 1107 503 1140 staturum:
550 1113 591 1139 ea
638 1099 824 1150 mancipia
872 1098 1038 1137 creditor
1082 1099 1182 1136 intra
1225 1102 1413 1136 statutum
1459 1103 1613 1147 tempus
1656 1095 1705 1134 de

292 1158 406 1195 domo
446 1156 628 1196 debitoris
669 1155 845 1194 abduxit:
890 1167 1025 1206 operas
1068 1166 1201 1193 eorum
1240 1154 1279 1192 in
1317 1166 1453 1192 usuras
1491 1151 1707 1204 specialiter

290 1214 535 1265 imputandas
573 1212 645 1251 sub
685 1213 819 1250 eodem
858 1210 1156 1261 Hermogeniani
1192 1210 1304 1249 titulo
1346 1210 1426 1260 lege
1464 1209 1508 1247 ad
1542 1208 1703 1247 Nonnu-

292 1282 372 1309 sam
406 1270 534 1317 datz11)
566 1268 891 1320 comprehensum
923 1273 992 1305 est.

809 1370 876 1420 [De
909 1369 1181 1418 donationibus]

564 1437 643 1474 Vat.
674 1436 727 1487 fr.
760 1435 834 1473 271

564 1493 643 1531 Vat.
674 1493 729 1543 fr.
761 1491 854 1530 270.

651 1600 720 1650 [Aa
750 1601 865 1651 leyem
897 1599 1035 1639 Iuliam
1067 1600 1109 1638 cle
1139 1599 1345 1649 adulteriis]

409 1669 628 1708 Thalelaeus
666 1671 705 1707 iu
735 1668 880 1708 scholiis
915 1667 963 1706 ad
997 1667 1085 1706 Cod.
1116 1666 1207 1706 Iust.
1241 1666 1277 1714 2,
1311 1668 1348 1713 4,
1383 1665 1432 1705 18
1464 1667 1515 1717 cf.
1544 1679 1583 1717 p.
1608 1665 1706 1704 242.

824 1777 882 1815 De
913 1777 1018 1815 iure
1050 1776 1170 1815 fisci.

407 1842 649 1891 2)Aureli03)
681 1842 845 1888 Enni04)
878 1841 1033 1880 Lucello
1065 1848 1103 1880 et
1133 1841 1259 1880 Marco
1281 1841 1501 1881 Seueriano.
1563 1840 1603 1879 Si
1633 1853 1706 1891 pro

294 1899 576 1950 possessi011e⁵)
629 1898 746 1948 Titiss)
798 1898 973 1949 Claudi⁷)
1027 1911 1095 1937 uos
1140 1898 1265 1936 debita
1310 1897 1449 1936 fiscalia
1495 1897 1706 1936 exsoluisse

296 1955 502 2003 constatss),
536 1961 701 1993 uestram
717 1955 747 2003 9)
771 1968 854 1994 esse
875 1954 1223 2006 possessionemw)
1245 1954 1440 1994 notissimi
1461 1953 1557 1992 iuris
1578 1954 1708 2000 estu),

500 2067 1705 2076 2:21«>annana-sxa-Jxx.2-.—»>s»„-.ns.v:maxannxmvsmmmmwmvwvmmmmsmxwm

388 2139 413 2179 1)
439 2155 482 2165 =
504 2139 579 2171 Cocl.
605 2139 690 2171 Iust.
717 2140 746 2179 8,
772 2140 824 2178 24,
850 2139 881 2172 2.

388 2184 415 2225 2)
440 2185 517 2216 leaeo
541 2187 729 2216 constitutio
754 2187 786 2216 iu
813 2184 980 2217 codicibus
998 2184 1250 2216 Partsz'ensibus
1275 2184 1363 2215 4414
1386 2186 1417 2215 et
1441 2184 1528 2216 4415
1545 2182 1591 2214 ad
1604 2182 1707 2224 finem

299 2230 557 2272 Hermogeniaui
584 2229 698 2261 addita
728 2233 776 2261 est
806 2231 1008 2272 praemissis
1039 2230 1108 2262 lzis:
1147 2240 1188 2261 ex.
1221 2239 1361 2272 corpore
1394 2228 1618 2270 ermogeniani
1644 2227 1706 2259 sub

299 2275 433 2306 titulum
460 2275 498 2306 de
525 2275 598 2306 iure
625 2275 707 2306 fisci.

389 2319 416 2359 3)
442 2320 591 2352 aurelius
617 2320 693 2351 libri
716 2320 760 2361 ef.
784 2330 817 2361 ρ.
837 2320 913 2359 234,
931 2320 959 2351 4.
990 2320 1041 2352 14.

389 2365 416 2405 4)
442 2365 556 2396 enhinc
580 2365 691 2396 Paris.
717 2365 816 2401 4414,
843 2365 917 2396 enhi
943 2365 1055 2396 Paris.
1074 2365 1172 2396 4415.

391 2409 419 2450 5)
444 2411 599 2452 possioue
626 2410 738 2441 Paris.
764 2410 851 2441 4414
875 2412 952 2441 ante
975 2410 1244 2451 emendationem,
1271 2409 1443 2452 posicione
1467 2408 1578 2440 Paris.
1604 2408 1706 2440 4415.

390 2455 417 2495 6)
442 2456 477 2487 ti.
502 2457 559 2494 (=
578 2455 710 2493 tiberii)
736 2455 932 2486 Mommsen.

393 2499 419 2539 7)
445 2500 545 2532 daudi
570 2500 678 2532 Paris.
704 2500 802 2532 4414.

393 2545 420 2584 S)
446 2550 613 2577 contestat
639 2546 751 2576 Paris.
778 2546 875 2586 4415,
904 2551 1055 2579 contestu
1081 2546 1192 2577 Paris.
1218 2544 1316 2576 4414.

392 2589 418 2629 9)
444 2595 558 2622 uestra
583 2590 663 2622 libri.

380 2635 419 2674 ¹0)
446 2636 653 2676 possessione
680 2635 790 2667 Paris.
818 2636 915 2668 4414.

378 2680 419 2720 Η)
446 2685 498 2712 est
527 2681 693 2721 calfactus,
719 2690 781 2712 om.
806 2680 894 2712 libri.
