1823 3016
66 473 104 516 4,
127 484 186 514 4,1

693 149 810 155 --
876 125 955 166 151
1020 149 1137 154 —
1285 134 1479 162 connA'mo
1499 126 1530 169 4,
1552 137 1630 164 3-7.

212 242 384 283 Marcum
416 247 453 280 et
484 242 742 283 Commodum
775 243 1022 296 rescripsisse
1060 255 1149 282 eum
1188 242 1255 294 qui
1286 243 1504 283 adulterum
1537 244 1628 283 inli-

211 300 287 339 cite
317 298 565 346 interfecerit,
598 300 736 340 leuiori
766 313 887 352 poena
919 299 1061 352 puniri.
1128 300 1195 339 sed
1233 305 1272 338 et
1312 300 1472 350 Magnus
1504 302 1628 340 Anto-

211 357 328 395 ninus
358 356 544 407 pepercit,
577 357 608 395 si
639 357 706 408 qui
735 357 931 397 adulteros
961 356 1183 396 inconsulto
1214 356 1339 395 calore
1371 358 1476 396 ducti
1503 357 1627 396 inter-

211 414 398 452 fecerunt.
460 420 498 452 et
533 413 692 465 reliqua.

269 469 375 508 Idem
407 481 546 508 mvnvs
578 471 713 509 eodem
746 470 843 510 libro
875 469 1060 520 singulari
1091 475 1129 508 et
1159 469 1291 508 titulo:

322 525 412 564 Iure
444 527 571 565 mariti
603 527 665 566 uel
694 528 814 579 patris
846 527 912 578 qui
941 533 1106 572 accusat,
1138 532 1268 578 potest
1297 531 1336 565 et
1365 525 1449 565 sine
1476 526 1625 565 calum-

208 582 295 622 niae
340 595 463 635 poena
501 583 622 622 uinci:
670 584 702 622 si
734 585 817 623 iure
849 583 1020 622 extranei
1052 589 1217 629 accusat,
1249 588 1379 634 potest
1409 582 1625 622 calumniae

208 651 331 692 poena
354 639 497 691 puniri.
540 641 606 679 sed
628 645 711 679 tum
734 646 824 692 post
846 640 942 679 duos
966 653 1120 679 menses
1140 640 1242 679 intra
1263 645 1449 691 quattuor
1472 652 1625 679 menses

210 696 323 735 utiles
355 704 549 748 expertus,
595 698 684 736 licet
720 698 805 737 talis
845 697 907 744 sit,
948 697 1014 748 qui
1045 697 1135 736 alias
1167 709 1348 736 accusare
1378 709 1457 735 non
1489 698 1623 748 possit,

209 758 254 792 ut
283 753 487 792 libertinus
515 758 582 793 aut
611 754 740 793 minor
771 754 909 805 uiginti
939 754 1111 805 quinque
1142 766 1333 793 annorum
1365 760 1431 792 aut
1453 753 1621 799 infamis,

210 815 340 849 tamen
372 810 420 849 ad
451 810 735 850 accusationem
768 811 998 857 admittitur,
1032 816 1075 849 ut
1106 817 1143 850 et
1169 810 1405 862 Papinianus
1426 810 1524 849 libro
1546 810 1623 850 XV.

210 866 377 918 scripsit.

268 936 490 963 PAPINIANVS
542 923 639 962 libro
684 923 751 962 XV
801 936 1079 975 responsorum
1127 924 1199 963 sub
1249 923 1362 963 titulo
1407 923 1453 962 ad
1498 923 1621 974 legem

369 980 505 1019 Iuliam
538 981 583 1018 de
615 979 817 1019 adulteris:

321 1035 425 1075 Ciuis
456 1037 668 1083 Romanus,
701 1036 767 1087 qui
799 1036 936 1085 [ciuem
961 1036 1189 1086 Romanam]
1223 1038 1307 1075 sine
1338 1036 1504 1076 conubio
1536 1036 1621 1075 siue

205 1093 449 1145 peregrinam
500 1094 540 1132 in
586 1093 836 1132 matrimonio
875 1092 1022 1138 habuit,
1068 1093 1152 1131 iure
1188 1093 1343 1144 quidem
1376 1093 1506 1132 mariti
1537 1106 1621 1132 eam

203 1150 419 1188 adulteram
464 1162 541 1188 non
588 1149 771 1201 postulat,
818 1149 884 1188 sed
927 1148 962 1187 ei
999 1161 1078 1188 non
1116 1155 1336 1201 opponetur
1372 1150 1530 1188 infamia
1561 1150 1624 1188 uel

204 1206 310 1257 quod
354 1206 560 1245 libertinus
605 1219 689 1245 rem
727 1206 997 1245 sestertiorum
1030 1206 1187 1255 triginta
1219 1207 1369 1245 milium
1401 1213 1467 1245 aut
1496 1206 1620 1245 filium

204 1275 282 1302 non
315 1263 461 1309 habuit,
494 1263 690 1315 propriam
722 1263 904 1302 iniuriam
936 1263 1199 1314 persequenti.

262 1333 403 1359 mvnvs
434 1320 533 1360 libro
567 1320 750 1371 singulari
782 1325 820 1358 et
851 1319 964 1359 titulo
995 1320 1062 1370 qui
1093 1332 1228 1371 supra:

317 1377 362 1416 In
394 1390 554 1416 uxorem
586 1376 819 1416 adulterium
851 1376 1074 1415 uindicatur
1103 1377 1187 1416 iure
1219 1375 1360 1421 mariti,
1391 1388 1470 1415 non
1504 1376 1619 1416 etiam

204 1446 402 1486 sponsam.
465 1434 635 1473 Seuerus
667 1446 822 1485 quoque
853 1439 891 1472 et
921 1434 1140 1472 Antoninus
1171 1433 1224 1473 ita
1255 1433 1557 1485 rescripserunt.

261 1503 482 1529 PAPiNJAnvs
512 1491 612 1530 libro
644 1490 831 1541 singulari
861 1490 908 1529 de
938 1490 1143 1529 adulteris:

318 1547 595 1595 Quaerebatur,
641 1559 689 1586 an
735 1554 844 1599 pater
888 1547 1169 1598 emancipatam
1216 1546 1333 1586 filiam
1381 1547 1465 1586 iure
1500 1545 1620 1598 patris

200 1681 295 1689 «ΛΜΝ,
492 1681 850 1689 Wewwmvvnw
854 1680 1139 1688 «m>aeaevuvmm

295 1785 309 1816 1
338 1785 533 1826 quomodum
565 1784 659 1818 VW.
702 1784 712 1826 11
760 1785 996 1827 rescripsisset
1026 1784 1101 1817 BV.
1148 1783 1158 1827 11
1200 1785 1286 1824 eum]
1318 1793 1359 1815 eu
1385 1782 1429 1823 V,
1464 1793 1536 1814 cum
1564 1782 1619 1815 W.

199 1828 217 1869 11
247 1830 314 1872 qui]
346 1831 379 1861 in
407 1830 464 1863 W.
506 1828 516 1872 11
558 1830 761 1863 adulterium
790 1830 847 1863 W.
890 1830 900 1872 11
942 1831 960 1862 2
986 1831 1154 1873 p(o)enam
1180 1829 1252 1862 BV.
1296 1829 1305 1872 11
1347 1830 1464 1871 punire
1491 1828 1533 1869 V,
1562 1839 1620 1870 pu-

200 1876 292 1907 niret
311 1874 367 1908 W.
403 1875 413 1918 11
447 1876 466 1907 3
493 1876 646 1918 perpecit
665 1875 705 1908 V.
740 1875 750 1919 11
784 1877 824 1916 si]
846 1875 925 1916 Wl,
951 1886 1007 1908 eas
1024 1875 1063 1914 B,
1089 1877 1119 1907 ei
1139 1875 1183 1915 V,
1209 1875 1241 1907 ei
1259 1875 1289 1907 si
1311 1874 1388 1908 11²2.
1423 1873 1433 1916 11
1468 1874 1544 1916 quid
1562 1872 1618 1906 17.

202 1919 213 1961 11
256 1921 520 1952 ineonculiscalo
545 1922 607 1960 (sic
628 1921 704 1962 Wa,
730 1922 763 1953 in
790 1922 940 1953 conculis
967 1921 1098 1953 calculo
1127 1921 1205 1961 Wb)
1231 1921 1362 1953 occulto
1388 1921 1462 1952 loco
1488 1920 1623 1952 reducti

198 1966 435 1998 interficerent
462 1965 518 1999 W.
560 1966 570 2010 11
613 1967 631 1998 5
658 1967 743 1998 idem
769 1978 798 2010 p.
824 1978 852 1999 e.
878 1968 966 1999 libro
998 1968 1077 2007 (om.
1108 1967 1137 1999 B
1166 1966 1252 2007 ind.)
1283 1966 1368 2006 sing.
1394 1966 1475 2006 (om.
1497 1964 1563 2003 W)
1590 1970 1624 1997 et

198 2016 224 2043 t.
251 2022 314 2043 om.
336 2011 378 2044 V.
415 2012 425 2054 11
460 2012 479 2042 6
504 2012 592 2052 iure]
617 2013 673 2054 qui
702 2013 773 2044 iure
799 2013 886 2045 libri.
919 2013 933 2054 11
973 2013 1075 2044 marti
1100 2013 1137 2053 B,
1165 2012 1267 2044 matri
1294 2010 1336 2051 V,
1368 2012 1487 2043 matris
1507 2010 1564 2043 W.
1604 2008 1619 2053 11

197 2061 312 2099 potest
335 2067 401 2088 om.
429 2056 485 2089 W.
538 2057 548 2100 11
601 2058 799 2098 calumniae]
825 2069 925 2091 causa
950 2058 1014 2091 Va,
1069 2058 1079 2101 11
1133 2058 1151 2089 7
1183 2068 1321 2099 poenam
1348 2056 1406 2090 W.
1453 2055 1463 2099 11
1505 2061 1623 2088 acuset

200 2101 257 2134 W.
293 2103 303 2145 11
345 2104 363 2134 8
389 2112 527 2144 poenam
547 2102 603 2135 W.
645 2102 656 2145 11
698 2105 778 2144 tum]
804 2106 937 2145 scripsi,
961 2109 1090 2136 tantum
1117 2103 1204 2136 libri.
1239 2102 1249 2146 11
1282 2103 1345 2134 duo
1363 2102 1401 2134 B.
1437 2101 1447 2144 11
1480 2102 1500 2134 9
1526 2102 1622 2133 utilis

199 2147 255 2181 W.
300 2146 310 2189 11
353 2148 528 2190 experitus
552 2148 589 2186 B,
617 2149 793 2190 experitur
812 2148 901 2182 VW.
946 2148 956 2191 11
1000 2150 1066 2181 alia
1090 2149 1130 2190 B,
1159 2149 1245 2181 alios
1272 2147 1329 2181 W.
1371 2148 1381 2191 11
1426 2149 1465 2181 10
1491 2148 1538 2187 ut]
1566 2151 1623 2178 aut

199 2193 294 2226 VW.
336 2191 347 2234 1Ι
389 2199 447 2225 aut
472 2193 543 2234 inf.]
570 2193 628 2226 inf.
656 2193 748 2227 717.
799 2193 810 2237 11
865 2195 901 2227 11
931 2197 970 2227 ad
998 2205 1060 2227 om.
1079 2194 1118 2226 B.
1166 2193 1176 2236 11
1225 2199 1262 2226 ut
1288 2199 1322 2226 et
1346 2194 1505 2236 papianus
1533 2192 1621 2224 libro

197 2248 244 2270 xu
269 2239 409 2281 scripsit
434 2237 496 2281 Rp.
522 2240 675 2271 ncxxuiii
708 2240 867 2282 papianus
899 2241 987 2273 libro
1019 2251 1065 2272 xu
1097 2250 1333 2282 responsorum
1366 2240 1426 2271 sub
1452 2238 1555 2270 titulo
1584 2238 1622 2278 B,

197 2289 235 2315 ut
260 2289 294 2316 et
320 2284 517 2326 papinianus
543 2285 567 2316 l.
594 2296 637 2316 xu
664 2286 914 2327 responsorium
940 2286 1000 2318 sub
1026 2286 1141 2318 titulis
1161 2284 1216 2325 W,
1244 2296 1307 2318 om.
1325 2284 1365 2317 V.
1396 2283 1407 2325 11
1441 2284 1481 2316 14
1499 2284 1622 2315 iuliani

197 2330 236 2362 B.
278 2327 288 2371 11
333 2330 372 2362 15
399 2331 490 2362 ciues
517 2330 559 2362 V.
602 2330 612 2373 11
653 2331 759 2362 ciuem
785 2331 962 2363 Romanam
988 2331 1113 2364 addidi.
1155 2330 1165 2373 11
1208 2331 1292 2371 siue]
1319 2340 1370 2362 me
1397 2329 1439 2362 V.
1481 2328 1491 2371 11
1535 2329 1621 2367 siue]

197 2374 265 2407 sibi
296 2375 334 2415 B,
365 2376 473 2407 ciuem
501 2375 594 2414 VW,
632 2376 738 2408 ciuem
763 2377 819 2409 uel
844 2377 1004 2410 Huschke.
1046 2376 1056 2419 11
1101 2379 1140 2411 16
1172 2376 1364 2409 matrimoni
1392 2375 1436 2408 V.
1477 2373 1487 2416 11
1530 2375 1621 2406 iutre

196 2420 234 2452 B.
279 2419 289 2461 11
334 2421 372 2453 17
400 2422 442 2462 ei]
470 2432 509 2454 ea
534 2421 571 2453 B.
622 2421 632 2464 11
678 2427 866 2464 opponatur
892 2423 956 2455 V2.
1004 2422 1014 2465 11
1058 2423 1097 2454 18
1129 2423 1332 2454 liberatinus
1358 2421 1396 2453 B.
1437 2419 1450 2459 11
1487 2424 1622 2451 sexter-

198 2465 322 2497 tiorum
347 2466 422 2506 BV,
459 2467 700 2499 restersioruln
728 2466 784 2499 W.
832 2466 842 2509 11
889 2469 983 2500 milia
1011 2467 1067 2501 W.
1110 2467 1119 2509 11
1166 2469 1203 2498 19
1229 2467 1351 2499 habeat
1375 2465 1446 2497 edd.
1487 2463 1503 2508 11
1542 2475 1620 2507 pro-

198 2511 308 2597 ἔδωωιῖ
328 2510 449 2588 '522¹
473 2510 1620 2598 V11‘fins'1

197 2568 413 2643 iu'sponsaii1
438 2583 530 2635 adds
566 2593 583 2645 11
629 2604 781 2643 seuerus]
807 2584 967 2636 reuersu's
995 2571 1052 2638 lld'.
1107 2604 1116 2646 11
1169 2584 1389 2645 rescripserit
1411 2568 1532 2650 115111
1576 2579 1619 2632 22}

197 2646 357 2688 papianus
383 2647 457 2680 BV.
500 2648 510 2691 11
551 2641 702 2689 singulas
729 2648 772 2681 V.
817 2648 827 2690 11
868 2650 907 2681 de
933 2660 998 2683 om.
1026 2652 1054 2684 B
1079 2649 1189 2692 (ind).
1232 2650 1242 2692 11
1284 2649 1326 2681 24
1353 2647 1562 2691 emancipata
1579 2646 1619 2688 B,

197 2693 437 2735 emancipatum
464 2693 522 2734 17,
547 2695 769 2737 mancipatum
789 2695 831 2727 V.

1654 756 1696 790 10

1651 1041 1692 1075 15

1648 1324 1693 1358 20
