1855 2957
729 104 1145 143 —11,ffi

226 226 482 277 perfectione,
515 225 617 264 aliud
648 224 804 276 plenius
835 228 874 263 et
904 223 1057 262 fidelius
1080 221 1279 274 specimen
1302 220 1347 259 ad
1371 232 1442 258 nos
1464 220 1655 271 peruenit.

225 306 280 310 —
301 284 345 322 In
369 282 718 321 constitutionibus
750 281 963 321 referendis
996 280 1099 331 quod
1121 279 1265 318 librum
1288 290 1367 316 non
1390 276 1579 326 adlegaut,
1612 289 1657 315 ex

227 353 303 391 qua
321 352 496 391 quaeque
513 339 657 385 ueniat,
677 344 719 378 ut
735 339 883 377 faciunt
899 338 939 376 in
957 337 1053 376 iuris
1070 335 1308 380 auctoribus,
1325 334 1416 373 inde
1430 333 1656 384 explicatur,

227 397 331 448 quod
368 409 513 436 nomen
553 396 802 448 imperatoris
839 395 885 434 ad
922 394 1193 433 auctoritatem
1227 393 1407 431 sufficere
1438 389 1656 435 uidebatur,

226 467 354 505 neque
386 454 497 493 aliter
527 466 612 492 rem
642 454 899 492 instituerunt
920 451 1126 491 Iustiniani
1153 451 1381 502 prudentes.
1432 447 1580 486 recedit
1610 446 1658 484 ab

224 512 284 550 his
317 511 540 562 compilatio
562 511 811 550 occidentalis
833 523 921 549 cum
946 522 1003 556 00,
1036 509 1141 560 quod
1163 506 1352 559 temporis
1374 505 1551 543 ordinem
1574 516 1658 542 ser-

226 574 293 607 uat
318 569 485 615 nullum,
514 574 599 607 tum
631 568 735 619 quod
763 573 917 620 praeter
946 567 1097 606 codices
1121 564 1403 615 Gregorianum
1432 567 1469 600 et
1490 561 1658 599 Hermo-

227 627 436 678 genianum
475 626 522 664 ab
561 625 734 665 Orientis
771 624 996 663 auctoribus
1034 624 1264 676 compilatos
1306 622 1419 661 aliam
1460 625 1659 672 praeterea

227 685 401 737 syllogen
433 683 609 722 adhibuit
629 683 670 721 in
695 682 906 721 Occidente
928 683 1159 728 confectam,
1192 681 1275 720 siue
1307 679 1500 731 appendix
1522 691 1565 717 ea
1587 677 1660 715 fuit

228 741 529 791 Hermogeniani
562 740 645 779 siue
666 739 739 778 alia
760 739 928 790 denique
950 744 1149 791 praeterea
1169 738 1302 789 ignota
1324 736 1513 776 collectio.
1567 748 1659 773 113111

228 809 318 838 cum
349 799 390 837 in
421 797 638 837 Iustiniano
671 797 802 835 codice
833 796 1092 835 Diocletianae
1124 795 1260 834 aetatis
1292 807 1372 833 11011
1403 792 1660 832 inueniantur

227 857 303 895 nisi
333 856 522 907 rescripta
553 855 641 893 data
671 854 712 892 111
736 853 908 900 Oriente,
940 854 979 892 id
1010 859 1069 892 est
1095 853 1142 892 ab
1163 853 1248 904 ipso
1271 851 1523 895 DiocletianO,
1556 850 1660 900 apud

227 913 457 952 Vaticanum
493 916 694 950 auctorem
740 916 895 961 praeter
941 911 1141 962 complura
1188 909 1379 948 eiusmodi
1421 921 1467 947 ex
1499 907 1660 946 Oriente

227 971 353 1009 adlata
390 969 577 1020 rescripta
609 968 752 1007 adsunt
784 967 959 1018 quinque
991 967 1040 1019 (c.
1074 968 1140 1005 41.
1174 967 1268 1005 271.
1303 965 1397 1004 292.
1431 964 1525 1004 313.
1560 963 1659 1014 315)

226 1028 265 1066 111
290 1026 502 1066 Occidente
524 1025 665 1064 emissa
686 1025 889 1063 referenda
911 1025 957 1063 ad
979 1024 1278 1070 Maximianum3
1316 1035 1391 1073 qua
1413 1022 1459 1060 de
1481 1034 1522 1059 re
1544 1021 1660 1059 latius

227 1083 394 1123 disserui
426 1096 516 1122 cum
547 1083 588 1121 in
620 1082 678 1121 ed.
711 1082 857 1120 maiore
888 1095 925 1133 p.
950 1081 1175 1121 396—400
1207 1086 1292 1119 tum
1314 1080 1354 1118 in
1376 1078 1660 1118 commentario

228 1142 274 1180 de
312 1139 668 1192 subscriptionilms
700 1139 949 1178 Diocletianis
982 1139 1037 1190 (11.
1070 1144 1154 1178 3013
1185 1137 1290 1176 acad.
1323 1136 1449 1175 Berol.
1483 1148 1515 1174 a.
1551 1134 1657 1173 1861

228 1212 264 1250 p.
288 1197 402 1247 420).
453 1202 654 1249 praeterea
685 1197 760 1235 1100
792 1196 1085 1235 obseruandum
1113 1200 1172 1234 est
1192 1195 1475 1246 imperatorum
1500 1192 1660 1231 nomina

227 1255 383 1307 publice
414 1255 597 1293 damnata
629 1259 667 1292 et
698 1267 743 1292 ex
775 1254 884 1292 fastis
917 1266 1025 1293 erasa
1062 1266 1083 1292 3
1120 1253 1266 1304 sylloge
1296 1251 1481 1290 Vaticana
1512 1249 1660 1295 abesse,

228 1319 272 1352 ut
304 1313 421 1351 Getae
453 1324 485 1350 c.
510 1311 590 1350 267
624 1316 662 1350 et
682 1311 907 1349 Maximiani
942 1311 983 1349 in
1016 1310 1201 1349 omnibus
1232 1308 1493 1348 Diocletianae
1525 1306 1662 1345 aetatis

230 1368 592 1414 constitutionilms,
640 1373 777 1407 contra
823 1381 940 1419 quam
988 1369 1032 1407 fit
1075 1368 1116 1406 111
1161 1366 1271 1405 libris
1317 1365 1506 1404 confectis
1552 1364 1662 1402 iussu

229 1426 447 1466 Iustiniani.
514 1425 707 1464 Licinium
754 1425 940 1476 denique,
987 1425 1099 1464 cuius
1144 1436 1291 1463 nomen
1337 1436 1357 1461 a
1404 1421 1662 1461 Constantino

227 1484 381 1536 publice
410 1483 638 1522 damnatum
667 1482 835 1534 syllogae
856 1483 898 1521 in
921 1483 1083 1522 Oriente
1104 1483 1304 1521 confectae
1326 1493 1371 1519 ex
1394 1477 1661 1529 inscriptioni-

229 1542 303 1580 bus
335 1540 593 1587 sustulerunt,
625 1539 665 1578 in
689 1539 1043 1591 subscriptionibus
1065 1539 1118 1578 ita
1139 1538 1399 1583 retinuerunt,
1432 1541 1476 1574 ut
1496 1534 1662 1584 Augusti

229 1598 439 1649 adscriptio
490 1597 712 1641 tolleretur,
760 1597 966 1635 Vaticanae
1019 1597 1188 1648 syllogae
1233 1594 1466 1645 compilator
1510 1591 1664 1631 induxit

227 1656 293 1700 ibi,
336 1655 401 1693 ubi
442 1655 484 1693 in
524 1653 848 1705 inscriptionibus
884 1654 1044 1692 nomina
1075 1652 1229 1692 inuenit
1259 1651 1459 1691 enuntiata
1493 1650 1541 1700 (0.
1565 1648 1660 1687 249.

230 1712 323 1752 273.
358 1712 480 1763 287),
519 1711 681 1750 retinuit
717 1711 835 1749 homo
874 1711 1083 1761 indiligens
1120 1716 1158 1749 et
1188 1722 1326 1761 parum
1359 1707 1432 1747 sibi
1464 1711 1660 1751 constans,

227 1770 294 1809 ubi
325 1770 419 1808 latet
450 1768 523 1808 sub
553 1768 810 1820 inscriptione
841 1768 958 1820 Auyy.
992 1769 1040 1819 (c.
1066 1767 1131 1807 33.
1165 1767 1231 1806 34.
1266 1766 1331 1805 35.
1366 1765 1456 1815 36);
1494 1763 1661 1813 denique

227 1827 267 1866 in
300 1827 414 1865 annis
451 1825 635 1864 notandis
673 1825 732 1864 bis
764 1825 903 1864 Licinii
934 1838 1079 1864 nomen
1112 1823 1273 1863 sustulit
1304 1823 1353 1873 (0.
1378 1822 1443 1861 34.
1478 1821 1561 1870 35),
1603 1826 1662 1858 101·

229 1890 267 1924 01
308 1884 440 1935 ipsum
479 1888 516 1922 et
547 1883 741 1922 adiectum
773 1883 899 1921 eidem
929 1882 1096 1933 Augusti
1127 1882 1287 1920 titulum
1320 1879 1478 1930 reliquit
1519 1879 1570 1928 (0.
1595 1876 1660 1916 32.

230 1941 295 1980 33.
326 1941 439 1991 274).
486 1963 541 1968 —
587 1940 859 1979 Theodosiano
900 1940 1030 1978 codice
1062 1939 1277 1989 eclogarius
1308 1950 1389 1976 non
1422 1936 1550 1975 solum
1582 1947 1663 1973 non

229 2004 290 2037 est
310 2011 419 2043 usus,
453 1998 520 2037 sed
553 1997 668 2036 etiam
692 1997 880 2048 quasdam
902 1997 1006 2047 leges
1035 1997 1075 2035 in
1109 1996 1278 2035 eundem
1300 1999 1476 2045 receptas
1498 1991 1663 2044 protulit

228 2068 309 2094 non
342 2068 397 2099 ea,
442 2068 519 2106 qua
550 2054 794 2093 Theodosius
833 2067 896 2093 eas
935 2054 1122 2099 exhibuit,
1170 2053 1237 2092 sed
1282 2052 1445 2104 pristina
1491 2055 1529 2089 et
1573 2054 1664 2100 post

230 2125 321 2151 011111
357 2112 531 2151 00(1100111
564 2111 712 2150 0(11111111
744 2112 791 2150 ab
822 2124 897 2150 usu
928 2111 1074 2150 forensi
1105 2110 1301 2162 prohibita
1332 2110 1468 2147 forma.

345 2169 561 2221 Compilata
599 2174 692 2208 sunt
730 2170 825 2208 haec
861 2169 957 2208 iuris
990 2169 1227 2207 collectanea
1263 2167 1303 2205 in
1336 2165 1513 2218 partibus
1546 2163 1661 2202 Occi—

233 2227 361 2265 dentis
400 2231 524 2265 aetate
566 2225 902 2265 Constantiniana.
968 2238 1060 2265 nam
1099 2225 1204 2277 quod
1235 2229 1391 2275 recepta
1423 2227 1515 2261 sunt
1546 2221 1586 2259 in
1619 2233 1662 2259 ea

230 2284 418 2336 rescripta
449 2284 598 2334 aliquot
618 2283 842 2322 Maximiani
873 2283 1058 2334 quodque
1088 2287 1269 2334 repertus
1301 2286 1359 2320 est
1391 2280 1511 2318 codex
1532 2278 1573 2317 in
1596 2277 1662 2315 Li-

232 2341 342 2391 guria
373 2354 502 2392 neque
534 2341 659 2379 ullum
683 2340 850 2379 Graecae
881 2340 1113 2392 prudentiae
1145 2339 1354 2389 uestigium
1387 2349 1479 2388 prae
1512 2349 1552 2374 se
1574 2336 1661 2377 fert,

233 2398 326 2437 satis
365 2399 536 2437 ostendit
566 2397 762 2449 proficisci
793 2410 837 2437 ea
868 2398 914 2436 ab
946 2397 1078 2436 Italico
1110 2397 1240 2448 aliquo
1272 2396 1335 2434 uel
1367 2394 1481 2433 0113111
1516 2392 1662 2432 Gallico

233 2455 438 2507 prudente.
501 2456 547 2494 ad
580 2459 745 2493 aetatem
777 2467 872 2494 uero
901 2454 1266 2494 Constantinianam
1299 2452 1406 2491 ducit
1436 2449 1663 2501 inscriptio-

231 2525 329 2552 num
377 2512 706 2552 constitutionum
751 2512 1093 2563 imperatoriarum
1139 2511 1238 2550 ratio
1280 2510 1321 2548 in
1359 2506 1662 2560 imperatoribus

231 2569 472 2609 Diocletiano
503 2569 764 2609 anterioribus
796 2582 815 2607 a
848 2571 972 2608 forma
1004 2568 1206 2608 communi
1236 2580 1317 2605 non
1346 2566 1532 2604 recedens
1554 2564 1663 2614 (113111

233 2628 268 2667 d.
300 2627 445 2667 Probus
475 2640 507 2666 0.
541 2625 622 2665 288
661 2626 745 2665 81110
778 2627 889 2665 diuus
920 2627 1062 2673 soluas,
1101 2626 1196 2670 siue,
1238 2624 1342 2675 quod
1372 2622 1504 2661 minus
1537 2621 1662 2660 011011-

232 2684 299 2731 dit,
339 2685 526 2731 dentium,
559 2683 642 2722 sine
673 2683 792 2722 dubio
824 2696 933 2722 error
963 2689 1022 2723 est
1054 2683 1137 2722 siue
1169 2681 1338 2721 auctoris
1371 2680 1454 2719 siue
1484 2677 1662 2728 librarii),
