1855 2957
179 512 224 545 80

187 1187 206 1221 (Ὦ

211 1187 229 1220 [0

243 113 539 142 VAT.FR.78—82‚
735 114 850 119 -ν-
911 95 966 134 42
1029 109 1143 114 ——-
1503 91 1553 117 DE
1574 88 1647 115 vsv

246 236 324 263 non
355 222 508 266 habere,
537 230 627 257 nam
660 214 784 255 uideri
814 224 929 252 usum
962 211 1132 248 fructum
1164 201 1443 245 constitutum1
1475 212 1554 239 non
1580 210 1649 251 per

245 290 479 320 concursum
522 275 704 315 diuisum.
732 296 773 310 ω
839 268 1018 308 Neratius
1073 268 1182 315 putat
1225 272 1374 300 cessare
1418 258 1478 298 ius
1516 257 1650 295 adcre-

245 337 377 377 scendi
407 335 505 373 libro
534 333 550 370 I
580 338 871 382 responsorum.
931 321 1065 362 cuius2
1099 318 1311 358 sententiae
1343 314 1522 366 congruit
1552 312 1650 351 ratio

247 393 345 433 Celsi
377 390 538 430 dicentis
570 388 713 426 totiens
745 385 805 423 ius
827 377 1073 421 adcrescendi
1096 387 1192 421 esse,
1223 373 1403 424 quotiens
1424 372 1464 410 in
1485 369 1650 415 duobus,

247 449 338 501 qui3
370 447 533 487 solidum
566 444 798 485 habuerunt,
831 447 1024 477 concursu
1055 432 1203 472 diuisus
1234 436 1305 468 est.
1330 453 1372 468 Ν

249 505 358 544 Vnde
395 504 528 543 Celsus
557 501 656 539 libro
686 496 846 536 XVIII4:
885 493 917 532 si
955 492 1031 530 duo
1063 488 1172 528 fundi
1204 485 1351 525 domini
1383 484 1546 523 deducto
1580 492 1653 519 usu

249 565 377 601 fructu
399 558 675 611 proprietatem
706 549 1023 602 mancipauerint,
1055 551 1142 584 uter
1163 554 1298 582 eorum
1321 541 1504 586 amiserit,
1537 548 1653 576 usum

250 622 422 657 fructum
467 616 513 654 ad
559 611 835 664 proprietatem
882 604 1027 649 redire,
1073 602 1140 640 sed
1176 611 1256 638 non
1293 598 1338 637 ad
1382 595 1542 640 totam⁵‚
1587 592 1655 632 sed

251 675 439 724 cuiusque
469 682 583 710 usum
615 669 789 707 fructum
821 663 855 702 ei
885 661 985 713 parti
1015 658 1212 703 accedere,
1245 666 1360 706 quam
1392 653 1475 704 ipse
1505 649 1655 690 manci-

250 731 379 783 pauit,
425 729 470 767 ad
517 738 599 765 eam
633 725 737 762 enim
768 727 918 773 partem
951 716 1075 756 redire
1107 714 1231 758 debet,
1263 725 1283 750 a
1314 722 1389 762 qua
1424 708 1534 747 initio
1555 706 1656 745 diui-

253 800 319 826 sus
351 791 421 823 est.
492 784 616 835 plane,
661 779 806 830 inquit,
854 776 886 815 si
929 780 1079 826 partem
1111 782 1206 809 usus
1237 769 1387 807 fructus
1418 762 1586 803 habeas⁶
1620 767 1658 800 et

254 856 321 893 ego
353 848 472 880 totam
505 838 780 890 proprietatem
813 845 901 872 cum
933 830 1052 883 partis
1083 840 1158 866 usu
1188 828 1330 871 fructu,
1361 834 1438 862 non
1460 832 1575 872 posse
1595 830 1658 857 me

254 898 357 939 eam⁷
412 902 560 949 partem
613 893 684 932 tibi
728 890 970 941 mancipare,
1021 897 1119 936 quae
1164 889 1224 921 est
1269 882 1351 920 sine
1398 891 1471 918 usu
1514 879 1657 921 fructu,

254 954 439 1007 quoniam
484 952 629 991 nullam
675 955 825 1000 partem
873 945 1013 989 liabeo,
1056 942 1095 979 in
1141 951 1216 990 qua
1252 950 1330 977 non
1368 942 1428 974 est
1464 933 1533 973 tibi
1565 943 1659 971 usus

255 1014 419 1051 fructus.

257 1069 488 1120 Papinianus
518 1075 671 1116 quoque
701 1061 800 1100 libro
822 1057 941 1098 XVIII
972 1053 1243 1106 quaestionum
1277 1048 1507 1089 sententiam
1529 1042 1661 1083 Nerati

255 1125 405 1177 probat,
436 1134 534 1173 quae
563 1132 642 1159 non
674 1124 732 1157 est
762 1117 843 1155 sine
874 1114 1036 1153 ratione.
1061 1135 1103 1150 Ν

257 1181 405 1220 Poterit
435 1177 584 1230 quaeri,
632 1176 661 1214 si
698 1173 850 1212 duobus
883 1169 1005 1209 seruis
1038 1165 1243 1205 heredibus
1274 1160 1463 1201 institutis
1495 1158 1661 1197 deducto

258 1250 333 1277 usu
355 1239 484 1275 fructu
504 1233 720 1286 proprietas
743 1229 793 1268 sit
812 1229 947 1278 legata,
979 1237 1027 1263 an
1049 1224 1169 1262 altero
1191 1222 1373 1260 defuncto
1393 1228 1488 1256 usus
1509 1217 1661 1253 fructus

257 1292 483 1346 proprietati
512 1290 724 1335 adcrescat3
768 1297 858 1324 nam
890 1282 983 1322 illud
1013 1285 1184 1324 constat,
1223 1283 1267 1316 ut
1297 1281 1334 1314 et
1363 1273 1533 1312 Iulianus
1563 1270 1662 1309 libro

258 1349 394 1389 XXXV
426 1346 560 1387 scribit
589 1352 628 1384 et
643 1341 884 1394 Pomponius
916 1339 1013 1378 libro
1031 1336 1096 1375 VII
1125 1347 1171 1374 ex
1187 1332 1337 1372 Plautio
1368 1342 1447 1369 non
1468 1326 1661 1379 reprobat,

266 1431 307 1446 N
332 1406 364 1444 si
394 1404 546 1444 duobus
577 1401 702 1440 seruis
733 1398 829 1437 meis
861 1408 955 1435 usus
987 1396 1137 1432 fructus
1167 1391 1316 1441 legetur
1347 1394 1386 1425 et
1405 1386 1502 1425 alter
1528 1384 1663 1423 deces-

260 1463 366 1507 serit,
397 1472 487 1500 cum
518 1472 587 1510 per
616 1463 827 1506 utrumque
863 1451 1103 1504 quaesissem
1135 1458 1250 1486 usum
1282 1445 1468 1488 fructum,
1499 1441 1561 1479 ius
1592 1439 1664 1478 ad-

260 1517 457 1559 crescendi
494 1528 557 1554 me
586 1514 746 1557 habere,
792 1522 901 1554 cuin,
948 1507 980 1546 si
1010 1505 1166 1545 alterius
1196 1501 1355 1542 nomine
1385 1497 1664 1550 repudiassem,

260 1575 415 1615 alterius
461 1571 720 1623 quaesissem,
766 1567 947 1606 haberem
993 1562 1150 1614 quidem
1188 1571 1303 1598 usum
1336 1558 1507 1595 fructum
1538 1558 1666 1592 totum

261 1633 343 1671 iure
383 1628 645 1673 adcrescendi,
684 1624 751 1664 sed
787 1636 833 1662 ex
864 1622 983 1661 solius
1014 1630 1179 1671 persona
1210 1614 1443 1654 amitterem.
1502 1611 1542 1649 in
1573 1620 1668 1660 pro-

262 1689 387 1741 posito
419 1692 562 1729 autem,
594 1684 626 1723 si
656 1681 814 1733 quidem
845 1691 942 1731 pure
972 1677 1130 1720 fundus,
1161 1685 1239 1712 non
1271 1670 1338 1710 sub
1369 1669 1582 1709 condicione
1613 1665 1668 1704 te-

259 1753 370 1797 §atus
399 1746 462 1789 sit,
500 1742 738 1781 constituitur
768 1749 858 1776 usus
886 1732 1059 1786 fructus8
1106 1743 1152 1769 ex
1181 1739 1347 1780 persona
1379 1724 1504 1770 serui3
1547 1728 1586 1761 et
1615 1722 1669 1759 ita

263 1802 434 1840 Iulianus
483 1809 638 1849 quoque
681 1795 779 1833 libro
823 1790 960 1831 XXXV
1006 1789 1242 1839 digestorum
1286 1782 1437 1828 scribit,
1488 1777 1669 1831 quamuis

266 1856 448 1896 Scaeuola
478 1854 580 1906 apud
606 1851 828 1892 Marcellum
860 1845 1064 1887 dubitans⁹
1095 1849 1213 1882 notet.
1238 1865 1279 1880 Ν
1302 1847 1341 1879 at
1371 1839 1403 1878 si
1434 1837 1506 1877 sub
1535 1834 1671 1874 condi-

265 1915 375 1953 cione
420 1912 470 1951 sit
512 1911 680 1961 legatus,
724 1907 853 1958 potius
890 1916 936 1942 ex
966 1913 1130 1954 persona
1161 1898 1310 1938 domini
1340 1893 1523 1935 constitui
1554 1902 1671 1930 usum

266 1971 438 2009 fructum
470 1967 671 2006 Marcellus
715 1964 813 2002 libro
844 1961 931 2000 XIII
977 1959 1215 2009 digestorum
1253 1953 1399 1993 scribit.
1459 1948 1527 1989 ubi
1557 1949 1674 1987 Scae-

360 2085 387 2104 c.
414 2072 454 2103 79
480 2085 523 2096 =
548 2069 626 2110 Dig.
646 2068 676 2107 ἴ,
694 2067 726 2107 2,
742 2065 760 2097 3
777 2075 829 2108 pr.
853 2065 930 2107 post
953 2060 1050 2094 modo
1068 2059 1180 2092 relata
1197 2058 1393 2100 interposito
1410 2054 1479 2086 loco
1497 2051 1675 2094 Africani:

270 2119 354 2151 idem
381 2116 542 2150 Neratius
570 2133 610 2136 —
637 2113 768 2143 diuisus
794 2115 858 2142 est.

359 2174 385 2194 c.
413 2163 454 2194 80
479 2175 522 2186 =
547 2159 623 2201 Dz'g:
646 2158 676 2195 7,
694 2158 725 2195 2,
744 2156 774 2195 3,
795 2155 809 2186 1
834 2156 907 2197 post
931 2151 1026 2183 modo
1051 2150 1178 2183 relata:
1204 2148 1289 2180 unde
1317 2146 1436 2178 Celsus
1460 2142 1550 2175 libro
1568 2138 1676 2172 XVIII

270 2208 401 2247 scribit,
427 2207 456 2239 si
483 2207 544 2237 duo
572 2222 612 2226 —
639 2202 879 2244 proprietatem
898 2197 1113 2237 tradiderint,
1141 2199 1217 2226 uter
1234 2212 1277 2216 —
1295 2192 1468 2230 accedere,
1492 2197 1586 2230 quam
1604 2185 1676 2227 ipse

270 2253 465 2293 tradiderit,
493 2251 532 2282 ad
558 2268 601 2271 —
626 2247 756 2279 diuisus
783 2250 845 2277 est.

271 2313 1673 2344 ssssssssssssssssssssssssssssssssssssssssssssssssssssssssssssssssssssssssssssssssssssssssss

364 2390 375 2420 1
406 2388 549 2431 partium
580 2386 729 2428 fortasse
760 2381 886 2414 eoeeldit
913 2381 1107 2421 antiquitus.
1151 2378 1162 2419 ΙΙ
1203 2376 1222 2407 2
1248 2375 1299 2406 cui
1333 2373 1411 2415 Dig.
1452 2369 1464 2412 11
1505 2369 1523 2401 3
1548 2370 1582 2400 in
1615 2370 1678 2399 ins.

273 2436 350 2477 mg.
393 2433 404 2476 ΙΙ
445 2434 464 2465 4
491 2432 611 2465 scribit
641 2431 794 2461 inserunt
826 2427 905 2468 De‘g.
947 2424 958 2467 {l
1000 2426 1018 2456 5
1045 2435 1107 2455 non
1139 2423 1178 2454 ad
1205 2425 1309 2453 totam
1336 2418 1387 2450 Vd
1417 2414 1583 2457 Hollweg,
1613 2423 1676 2444 non

274 2485 378 2512 totam
405 2479 478 2517 Vm,
510 2488 573 2508 non
605 2477 643 2507 ad
675 2479 782 2506 totum
808 2472 885 2514 Dz'g.
924 2469 940 2514 Η
979 2472 998 2502 6
1030 2469 1151 2501 habeat
1177 2466 1221 2503 V‚·
1246 2476 1307 2497 em.
1332 2462 1490 2504 Savigwy.
1530 2462 1543 2500 ΙΙ
1584 2460 1602 2490 7
1630 2468 1679 2489 me

274 2535 378 2557 meam
397 2524 433 2557 V
433 2536 441 2564 3
467 2534 529 2555 em.
547 2522 706 2564 Savz'gny.
741 2518 752 2561 ΙΙ
785 2518 804 2550 8
830 2518 961 2549 hiatum
986 2514 1150 2547 intentu-it
1167 2511 1313 2552 Hollweg·
1329 2510 1388 2550 qui
1403 2506 1542 2550 supplet:
1561 2503 1681 2536 fundus

276 2572 421 2610 [legatus
457 2569 520 2609 sit,
557 2578 598 2600 ex
634 2575 778 2609 persona
802 2563 894 2594 serui
927 2561 1148 2593 constituitur
1173 2567 1252 2589 usus
1277 2556 1426 2593 fructus,
1463 2552 1492 2583 si
1515 2559 1596 2581 uero
1621 2548 1681 2581 sub

276 2615 481 2691 conldicione,
506 2623 547 2645 ex
572 2621 713 2655 persona
739 2608 884 2648 domini,]
911 2618 974 2639 non
1002 2616 1041 2637 ex
1068 2614 1208 2648 persona
1234 2600 1337 2634 serui.
1379 2598 1391 2637 ΙΙ
1423 2598 1442 2629 9
1468 2596 1621 2628 dubitare
1647 2603 1682 2626 se

276 2671 331 2692 ma
349 2671 404 2691 lm.

1697 204 1780 231 th.
1800 205 1833 233 L.

1684 240 1775 267 XVII.
1796 241 1838 267 A}

1727 276 1809 303 SAR.
