1855 2957
0 0 5 164 1

0 279 3 419 l

159 122 441 150 ExcvsAmeE.
664 140 779 143 —
843 116 897 156 59
960 141 1078 144 ——
1245 127 1577 157 VAT.FR.157—162.

159 232 190 270 si
219 231 252 270 is
284 244 399 282 quem
433 231 698 272 nominauerit
727 240 766 273 et
795 233 923 285 potior
953 235 1242 274 necessitudine
1273 243 1311 275 et
1341 236 1505 277 idonens
1537 253 1577 279 re

159 288 310 339 fideque
341 289 404 327 uel
434 288 574 328 absens
607 291 919 341 deprehendatur
935 291 959 329 ¹.
985 315 1027 330 N

66 351 133 386 158
162 345 274 384 Item.
325 345 420 384 Pars
451 347 660 386 orationis2
693 347 939 399 imperatoris
971 347 1120 387 Seueri.
1164 348 1391 388 Promiscua
1414 352 1576 390 facultas

155 402 318 454 potioris
356 403 588 442 nominandi
627 404 702 443 nisi
739 405 840 444 intra
888 411 1015 444 certos
1061 405 1158 443 fines
1203 406 1447 453 cohibeatur,
1494 409 1578 459 ipso

156 465 281 498 tractu
314 460 502 511 temporis
533 461 702 512 pupillos
732 462 902 501 fortunis
925 462 1006 501 suis
1028 462 1210 513 priuabit.
1263 463 1325 501 cui
1345 463 1401 501 rei
1424 464 1577 503 obuiam

154 516 288 560 ibitur,
320 523 450 567 patres
482 518 706 570 conscripti,
739 519 771 557 si
803 519 1048 565 censueritis,
1080 525 1124 558 ut
1155 519 1320 570 collegae
1342 521 1463 572 patris
1497 523 1580 560 uel³

154 573 291 625 pupilli
327 574 367 612 in
407 573 561 613 decuria
600 576 663 614 1161
708 588 887 627 corpore,
928 600 969 615 Ν
999 576 1091 615 116111
1139 577 1292 627 cognati
1339 578 1400 616 uel
1445 580 1580 618 affines

155 630 362 681 utriusque
394 631 708 679 necessitudinis,
741 633 808 684 qui
840 633 921 684 lege
954 633 1045 672 Iulia
1077 640 1115 672 et
1145 633 1261 685 Papia
1294 634 1443 686 excepti
1476 644 1579 675 sunt.

155 687 347 739 potiorem
382 700 461 726 non
499 689 722 735 nominent,
770 691 887 729 ceteri
934 690 1087 741 cognati
1125 690 1187 729 uel
1223 691 1368 730 adfines
1415 693 1580 731 amiciue

155 751 271 796 atque
317 745 536 797 municipes
591 759 655 785 eos
700 748 975 786 tantummodo
1027 747 1245 790 nominent,
1293 761 1391 799 quos
1438 752 1580 800 supra4

157 802 384 853 complexus
431 815 534 850 sum,
582 803 793 843 uicinitatis
839 811 969 843 autem
1009 804 1094 843 iure
1130 817 1246 843 nemo
1287 806 1414 856 potior
1445 808 1580 846 existi-

157 867 298 899 metur.
323 884 365 899 Ν

65 920 131 955 159
156 916 412 968 Imperatores
433 917 583 956 nostri⁵
615 917 721 956 Aelio
742 917 919 956 Diodoto.
960 942 1001 957 Ν
1031 918 1198 957 Tutores
1221 919 1434 958 secundum
1458 921 1580 972 patris

156 974 399 1013 uoluntatem
434 974 588 1013 decreto
619 974 810 1025 praetoris
842 974 1047 1013 clarissimi
1080 975 1175 1018 uiri,
1208 976 1338 1026 quodss
1376 989 1455 1015 non
1496 978 1580 1016 iure

157 1038 392 1070 testamento
424 1031 486 1069 uel
517 1031 702 1070 codicillis
734 1031 812 1070 dati
844 1032 1009 1077 fuerant,
1041 1032 1291 1071 confirmatos
1314 1034 1485 1084 potiores
1507 1047 1580 1073 no-

157 1088 328 1127 ininare⁷
360 1101 477 1139 posse
516 1101 596 1127 non
628 1088 913 1134 arbitramurss,
952 1101 1042 1127 nam
1084 1089 1272 1128 iudicium
1311 1090 1451 1141 pan-is,
1491 1091 1581 1130 licet

154 1145 240 1184 iure
270 1145 433 1191 deficiat,
466 1145 703 1184 seruandum
736 1151 808 1185 est.

64 1201 130 1235 160
154 1203 266 1241 Item.
318 1202 498 1241 Libertus
531 1203 632 1242 sicut
654 1215 838 1242 excusare
861 1215 902 1242 se
923 1215 944 1241 a
966 1202 1113 1249 tutelis,
1146 1203 1197 1242 ita
1218 1204 1353 1243 etiam⁰
1385 1204 1577 1255 potiorem

156 1260 358 1299 nominare
389 1266 529 1311 potest.

66 1319 127 1354 161
157 1317 270 1356 Item.
330 1317 387 1355 Ex
418 1330 460 1356 ea
493 1317 566 1362 die,
599 1329 645 1356 ex
675 1330 751 1368 qua
782 1316 868 1368 quis
900 1317 1090 1368 potiorem
1123 1316 1354 1363 nominauit,
1397 1318 1578 1370 deinceps

155 1374 340 1414 omnibus
372 1374 613 1413 sessionibus
651 1375 840 1413 aduersus
882 1387 990 1420 eum,
1035 1386 1151 1425 quem
1190 1375 1429 1419 nominauit,
1473 1376 1577 1414 adire

155 1431 285 1477 debet,
325 1444 450 1483 usque
481 1431 575 1470 dum
613 1444 768 1470 causam
807 1431 936 1470 finiat:
989 1439 1162 1470 ceterum
1211 1431 1242 1469 si
1288 1432 1454 1482 aliquam
1496 1446 1578 1471 ses-

154 1488 303 1527 sionem
335 1488 592 1527 intermiserit
622 1488 667 1535 is,
699 1488 765 1539 qui
796 1488 988 1539 potiorem
1012 1488 1243 1533 nominauit,
1275 1489 1579 1540 praescriptione

153 1546 383 1584 excluditur.
435 1546 549 1596 plane
578 1545 639 1584 illa
673 1545 805 1591 sessio,
837 1557 935 1596 quae
967 1546 1013 1584 de
1035 1545 1149 1597 plano
1172 1545 1401 1590 celebratur,
1434 1547 1467 1585 ei
1498 1560 1575 1585 non

152 1602 457 1654 computabitur.

60 1663 129 1697 162
157 1660 267 1698 Item.
321 1660 361 1698 Si
391 1659 425 1698 is
455 1659 521 1710 qui
550 1659 740 1711 potiorem
765 1658 998 1704 nominauit,
1030 1658 1178 1698 litteras
1207 1659 1363 1710 petierit
1384 1660 1430 1698 ad
1454 1661 1576 1711 magi-

154 1723 311 1762 stratus,
346 1723 389 1755 ut
420 1717 654 1767 compellant
685 1729 772 1755 eum
799 1716 944 1761 uenire,
976 1728 1092 1766 quem
1125 1715 1317 1768 potiorem
1346 1717 1576 1763 nominauit,

149 1773 391 1826 Ῑοοεῐφιαῃτ10
413 1773 562 1812 libellos
594 1773 700 1812 dedit
720 1773 838 1812 altera
852 1773 882 1794 1¹
905 1773 966 1811 die
987 1773 1136 1812 litteras
1158 1774 1332 1825 accipere
1355 1774 1468 1813 debet
1488 1775 1574 1814 ac12

244 1903 271 1924 c.
302 1892 364 1924 159
381 1907 426 1918 =
443 1903 471 1924 c.
491 1892 568 1933 246,
605 1892 663 1924 ubi
696 1891 781 1924 idem
808 1894 1011 1935 rescriptam
1043 1891 1241 1933 adlegatum
1269 1894 1346 1924 item
1379 1903 1404 1924 c.
1426 1892 1485 1924 211
1517 1894 1574 1935 as-

151 1939 266 1980 sertor
296 1948 341 1969 eo:
372 1937 493 1969 Paulo:
526 1937 750 1980 Imperatores
784 1938 894 1969 nostri
920 1940 960 1969 A.
986 1938 1024 1970 D.
1059 1949 1117 1970 suo
1145 1938 1300 1969 salutem.
1357 1937 1504 1971 Tutores
1531 1958 1572 1961 —

153 1984 355 2016 seruandum
380 1988 442 2015 est.

246 2122 261 2153 1
289 2121 578 2163 repraehendatur
605 2121 655 2161 V,
682 2133 744 2153 em.
770 2121 938 2153 Blmnius.
991 2122 1004 2161 {l
1056 2121 1073 2152 2
1101 2120 1257 2152 oratioue
1283 2121 1324 2153 Γ.
1367 2119 1378 2162 Η
1420 2120 1438 2152 3
1465 2121 1573 2163 patris

152 2168 204 2200 sui
246 2167 303 2199 uel
341 2167 394 2206 V3
438 2168 491 2198 sui
528 2166 636 2198 delent
675 2170 788 2199 ortum
827 2178 872 2198 εει
907 2167 1003 2209 falsa
1035 2167 1285 2208 geminatione;
1330 2167 1437 2209 patris
1475 2167 1574 2198 auiue

151 2212 285 2255 pupilli,
322 2212 410 2255 quod
433 2212 622 2244 Huschkz'as
657 2215 843 2255 proposuit,
880 2223 915 2244 eo
948 2214 1128 2255 refutatur
1157 2212 1243 2254 qaod
1269 2223 1314 2243 ese
1344 2222 1370 2243 e.
1397 2212 1461 2245 213
1496 2222 1575 2243 con-

150 2262 220 2291 stat
240 2261 302 2290 aui
327 2260 511 2290 orationem
538 2269 601 2289 non
627 2261 829 2290 meminisse.
869 2259 882 2300 ΙΙ
916 2259 936 2290 4
962 2269 1041 2290 cura
1059 2257 1093 2290 V
1099 2268 1107 2296 3
1133 2268 1196 2289 em.
1223 2256 1372 2289 Halteras
1396 2258 1528 2299 aliique.
1558 2256 1572 2300 Η

153 2305 172 2337 5
197 2307 352 2346 superest
376 2306 410 2336 in
439 2304 475 2337 V
502 2297 541 2344 <1³13
567 2305 679 2345 faisse
702 2303 836 2336 uidetur
859 2304 936 2336 olim
964 2305 1053 2347 imp—p
1076 2301 1131 2337 iffi.
1163 2302 1174 2345 Ι]
1207 2304 1226 2334 6
1252 2314 1333 2345 quos
1361 2304 1406 2337 [Γ.
1430 2302 1440 2345 Η
1473 2304 1490 2334 7
1518 2314 1575 2338 no-

152 2351 280 2382 minare
306 2351 455 2393 potiores
481 2350 625 2383 Paulus.
667 2349 678 2391 ΙΙ
712 2350 731 2381 ὃ
756 2351 961 2382 arbitramus
989 2350 1031 2383 V.
1075 2351 1085 2394 Η
1127 2350 1146 2381 9
1173 2350 1222 2381 ita
1247 2360 1306 2380 nec
1335 2349 1382 2388 V3
1409 2352 1445 2380 at
1470 2351 1518 2380 sie
1543 2351 1573 2380 et

153 2398 261 2429 oratio
277 2398 349 2428 hiat
365 2399 544 2439 negatione
568 2398 603 2427 in
627 2395 735 2427 aliero
760 2395 828 2427 colo
852 2397 990 2435 omissa,
1014 2397 1049 2427 in
1074 2397 1180 2429 altero
1205 2393 1336 2426 adiecta
1361 2397 1393 2425 et
1409 2396 1575 2426 sententia

152 2452 314 2484 peruersa
344 2445 411 2481 est,
446 2454 521 2474 cum
551 2442 590 2474 de
623 2441 736 2473 liberto
764 2444 903 2484 patroni
925 2442 1040 2474 liberis
1065 2446 1173 2475 tutore
1198 2440 1274 2472 dato
1305 2441 1445 2471 minime
1471 2441 1573 2471 uerba

151 2502 258 2544 accipi
283 2502 428 2543 possint.
462 2499 598 2532 uidetur·
632 2501 691 2530 aut
716 2498 879 2530 librarius
903 2499 932 2530 n’
958 2502 989 2531 et
1014 2500 1059 2532 et’
1086 2501 1302 2543 permutasse
1326 2499 1386 2528 aut
1410 2498 1573 2538 epitoma-

153 2549 206 2578 to]-
235 2545 324 2578 male
353 2549 386 2578 in
417 2545 655 2588 compendium
687 2543 858 2586 redegisse
888 2545 975 2587 qnod
1003 2548 1188 2589 scripserat
1213 2544 1365 2585 fortasse
1388 2542 1571 2585 I'Ipianzls:

152 2591 300 2624 libertus
326 2593 414 2623 sicut
439 2601 603 2623 excusare
631 2601 666 2621 se
694 2594 816 2631 potest,
842 2591 890 2623 ita
910 2602 968 2622 nec
988 2594 1151 2632 potiorem
1170 2590 1342 2621 nominare
1363 2588 1568 2630 prohibetur.

154 2634 170 2679 ΙΙ
204 2637 241 2670 10
271 2636 401 2669 addidit
435 2637 594 2679 Hollweg.
643 2634 653 2677 ΙΙ
697 2636 733 2667 11
763 2636 872 2668 altera
897 2636 1114 2680 Hollwegius,
1152 2636 1220 2667 alia
1246 2634 1290 2675 V,
1327 2636 1573 2676 potueretntque

151 2682 253 2724 focile
275 2685 467 2726 permutari
490 2683 563 2718 al‘ta
587 2684 618 2713 et
645 2681 723 2713 alia.
767 2679 778 2723 Π
824 2682 861 2714 12
888 2683 927 2713 ad
954 2682 995 2714 V.
1523 2685 1536 2718 l

1628 250 1707 276 VLP.
1736 251 1769 276 ¹1.

1604 284 1651 309 DE
1673 285 1787 311 Exuv-

1657 321 1736 346 ΕΔΤ.
