1823 3016
642 171 759 175 ————
824 146 905 187 135
968 172 1084 175 »ἡ

162 265 259 303 Vsus
281 269 341 302 est
363 268 499 302 auctor
520 276 599 302 non
623 265 747 303 solum
771 265 924 317 copiosa
947 264 1189 311 bibliotheca,
1220 266 1285 304 sed
1309 266 1422 304 etiam
1449 280 1579 305 exem-

162 320 330 372 plaribus
362 317 565 359 emendate
596 321 768 373 scriptis:
801 329 902 360 certe
934 322 972 360 in
1007 322 1073 360 Gai
1103 322 1214 368 libro,
1245 335 1360 373 quem
1392 324 1578 369 adhibuit,

162 377 233 416 fuit
255 390 291 428 p.
314 377 405 424 191,
432 378 481 416 10
509 378 624 417 simul
646 386 834 418 uocantur
860 379 1004 430 pariter
1034 385 1150 430 atque
1182 379 1219 417 in
1252 393 1296 417 eo
1328 380 1430 430 quod
1464 393 1576 418 usur-

163 439 303 485 parunt
332 434 548 480 Iustiniani,
587 448 674 473 cnm
714 436 751 473 in
787 436 998 475 Veronensi
1039 449 1084 474 ex
1116 436 1412 487 interpolatione
1445 442 1488 474 ut
1519 437 1579 475 ui—

161 491 274 529 detur
309 491 459 541 legatur
488 492 603 530 simul
634 504 760 531 onmes
789 500 977 532 uocantur
1007 493 1057 532 acl
1085 492 1339 532 hereditatem.
1401 493 1580 532 similiter

161 549 199 586 in
232 547 324 586 locis
356 561 401 586 ex
433 548 582 599 leiani
614 550 755 599 regulis
787 550 1028 601 depromptis
1065 550 1159 588 haec
1195 556 1372 601 excerpta
1405 557 1443 588 et
1474 557 1578 589 recte

159 604 346 643 omittunt
370 605 462 652 156,
486 605 509 644 9
533 606 764 644 uocabulum
790 608 946 658 infinite,
979 607 1254 658 interpolatum
1288 607 1460 653 omnino,
1490 620 1578 645 cum

160 668 346 712 sequatur
378 665 639 714 cuz'uscmnque
657 664 801 714 gradus
832 671 870 702 et
900 677 935 715 p.
957 664 1048 709 196,
1073 665 1121 702 21
1150 670 1348 702 uetustum
1370 664 1580 715 9071121ίοτό-

159 729 246 757 rum
278 719 507 757 uocabulum
533 720 712 760 retinent„
747 733 816 771 pro
840 734 916 771 qno
940 721 977 759 in
1001 721 1132 759 codice
1153 721 1336 760 Vaticano
1358 720 1500 771 legitur
1519 724 1580 759 in-

154 788 377 826 qenuorum.
410 777 570 814 omnino
602 777 932 828 interpolationes,
965 791 1060 828 quas
1092 779 1137 817 ad
1164 778 1291 829 ipsum
1326 777 1579 829 syntagmatis

157 839 355 871 auctorem
398 836 553 879 reseras,
594 833 718 872 nullas
755 835 1006 885 deprehendi,
1046 835 1122 873 nisi
1160 835 1233 873 hoc
1269 835 1313 873 ad
1346 848 1433 873 enm
1468 834 1579 877 redit,

157 890 256 939 qnod
289 902 359 940 pro
391 890 569 928 sollemni
600 890 766 929 formula
801 891 922 931 bestiis
950 892 1091 931 obicere
1128 892 1257 931 ubiuis
1286 891 1398 942 (137,
1417 892 1454 930 4.
1486 891 1579 937 165,

160 946 222 984 14.
259 947 350 993 176,
384 946 421 993 3,
454 947 520 985 ubi
562 954 691 985 tamen
731 947 819 985 libri
857 948 1022 995 uariant)
1064 955 1199 987 contra
1238 949 1358 987 libros
1396 948 1580 987 paulinos

155 1009 195 1041 et
219 1002 475 1054 Digestorum,
508 1010 701 1054 qnatenus
732 1004 888 1043 eosdem
920 1005 1026 1044 locos
1054 1005 1210 1051 habent,
1243 1006 1501 1044 substitutum
1525 1006 1581 1043 le-

157 1059 260 1110 gitur
293 1060 416 1099 bestz‘is
445 1061 621 1099 subicere.
673 1061 849 1099 ordinem
882 1062 1052 1113 capitum
1085 1069 1221 1101 auctor
1244 1068 1286 1101 ut
1307 1062 1352 1100 ad
1375 1062 1578 1101 arbitrium

157 1116 362 1155 constituit
392 1117 453 1166 (ut
483 1116 521 1155 in
556 1117 667 1156 titulo
696 1118 902 1156 undecimo
933 1131 965 1156 c.
989 1118 1014 1156 2
1046 1119 1129 1157 sine
1152 1118 1269 1157 dubio
1291 1120 1392 1170 apud
1414 1119 1578 1157 Paulum

153 1173 353 1223 legebatur
383 1180 473 1225 post
503 1186 534 1212 c.
558 1173 580 1212 3
614 1187 660 1212 ex
691 1175 825 1213 eodem
860 1175 979 1214 Paulo
1011 1183 1251 1228 excerptum,
1282 1175 1375 1214 item
1408 1176 1447 1214 in
1481 1176 1579 1214 duo-

153 1230 304 1269 decimo
335 1243 366 1269 c.
391 1231 416 1268 4
453 1231 553 1282 apud
586 1230 750 1270 Paulum
790 1232 930 1283 legitur
968 1239 1057 1271 ante
1086 1245 1118 1272 c.
1144 1232 1181 1271 2.
1215 1232 1257 1282 3)
1293 1238 1332 1272 et
1361 1232 1579 1283 aliquoties,

152 1299 240 1326 raro
286 1293 416 1326 tamen
459 1288 584 1326 media
631 1289 818 1339 quaedam
861 1289 1030 1328 resecuit
1075 1295 1136 1336 (ut
1169 1289 1261 1336 180,
1291 1289 1328 1329 9.
1370 1289 1461 1335 186,
1496 1289 1577 1339 19),

150 1344 204 1383 ita
226 1357 323 1395 quae
346 1344 419 1383 sub
442 1345 573 1383 eadem
598 1346 750 1385 rubrica
774 1346 916 1397 posuit,
939 1347 1169 1398 plerumque
1186 1347 1292 1397 (nam
1312 1347 1579 1398 exceptionem

152 1401 242 1440 facit
273 1401 330 1440 tit.
364 1402 386 1439 7
420 1414 451 1440 c.
485 1401 527 1452 5)
574 1403 707 1441 eodem
756 1403 891 1441 ordine
937 1406 1067 1451 refert,
1115 1417 1192 1455 quo
1238 1404 1339 1455 apud
1378 1410 1576 1442 auctorem

152 1458 378 1497 inuenisset,
441 1459 570 1510 itaque
603 1466 795 1510 quatenus
827 1460 921 1498 haec
951 1467 1130 1512 excerpta
1161 1461 1411 1512 perueniunt,
1444 1466 1579 1499 aucto-

151 1527 238 1554 rum
273 1515 370 1554 iuris
401 1515 584 1566 reliquias
616 1523 910 1568 repraesentant
943 1523 981 1556 et
1008 1518 1121 1569 plene
1142 1525 1181 1556 et
1211 1524 1401 1556 accurate.

265 1571 321 1610 Ex
352 1572 590 1611 editionibus
620 1574 984 1612 commemorandae
1013 1581 1105 1613 sunt
1126 1587 1222 1625 quas
1245 1580 1485 1613 curauerunt
1507 1574 1580 1613 uiri

151 1628 209 1666 hi:
236 1628 377 1667 Petrus
399 1629 586 1668 Pithoeus
608 1630 840 1681 (fragmenta
864 1631 1050 1681 quaedam
1075 1631 1275 1683 Papiniani
1299 1631 1407 1670 Pauli
1429 1631 1579 1682 leiani

152 1685 234 1724 Gaii
257 1686 465 1725 Modestini
497 1693 568 1725 cet.
594 1717 601 1725 .
626 1717 634 1725 .
660 1718 667 1726 .
701 1700 789 1726 cum
823 1687 964 1739 Moysis
996 1688 1145 1739 legibus
1177 1689 1326 1736 collata,
1363 1701 1408 1727 ex
1440 1688 1579 1727 biblio-

153 1742 262 1781 theca
294 1742 336 1781 P.
369 1742 533 1782 Pithoei.
595 1743 771 1783 Lutetiae
802 1757 834 1783 a.
868 1744 987 1783 1573.
1021 1747 1058 1784 4.
1091 1758 1154 1796 pp.
1186 1746 1296 1796 116),
1328 1745 1395 1796 qui
1427 1746 1578 1796 primus

150 1799 274 1838 edidit
304 1800 349 1838 ad
383 1800 554 1839 codicem
594 1800 706 1839 hodie
739 1801 1048 1844 Berolinensem2
1085 1802 1307 1842 Fridericus
1331 1802 1479 1848 Blume,
1511 1802 1579 1853 qui

150 1856 316 1908 iepeitis
338 1857 490 1896 duobus
513 1857 710 1897 codicibus
728 1858 960 1897 Velcellensi
983 1865 1021 1898 et
1037 1859 1327 1898 Vindobonensi
1348 1866 1576 1922 apparatum

150 1913 257 1951 auxit
298 1921 336 1953 et
373 1914 490 1952 crisin
533 1915 683 1966 egregie
720 1916 911 1962 fundauit,
959 1916 1078 1955 edens
1109 1916 1251 1955 librum
1284 1916 1355 1959 bis
1403 1916 1576 1968 primum

151 1970 306 2009 Bonnae
338 1983 370 2009 a.
396 1962 502 2010 1833
537 1977 703 2018 (errores
735 1973 923 2023 quosdam
958 1973 1182 2012 emendauit
1213 1974 1315 2025 apud
1341 1973 1575 2025 Savignyum

150 2027 366 2079 Zeztsclm'fc
402 2029 473 2079 fur
500 2029 617 2080 qesch.
649 2028 878 2069 Rechcswzmss
915 2030 977 2076 10,
1001 2030 1112 2078 307),
1151 2030 1288 2070 deinde
1329 2031 1577 2070 adnotatione

149 2084 188 2122 in
220 2086 494 2136 compendium
526 2086 676 2124 redacta
700 2086 738 2124 in
762 2099 923 2138 corpore
946 2087 1042 2126 iuris
1064 2087 1356 2127 anteiustiniani
1378 2087 1577 2126 Bonnensi

149 2153 182 2179 a.
210 2140 338 2188 1841;
371 2141 574 2193 Philippus
596 2142 798 2182 Eduardus
822 2144 1003 2183 Huschke
1034 2145 1073 2183 in
1105 2145 1201 2184 iuris
1227 2145 1432 2196 prudentia
1455 2144 1576 2196 ipsius

149 2198 451 2237 anteiustiniana
484 2199 593 2238 solita
626 2199 696 2238 sibi
725 2207 762 2239 et
783 2201 951 2240 sollertia
974 2208 1012 2240 et
1032 2202 1199 2247 licentia,
1232 2203 1277 2240 ad
1300 2214 1415 2253 quam
1441 2202 1478 2240 in
1502 2202 1576 2240 hoc

148 2256 430 2295 commentario
453 2256 600 2295 accedit
622 2256 766 2295 abusus
788 2257 1101 2297 coniecturarum
1121 2259 1224 2298 notis
1240 2259 1336 2298 iuris
1353 2270 1575 2298 accommo-

149 2311 326 2350 datarum
350 2312 397 2351 ab
423 2312 495 2351 hoc
517 2320 673 2352 auctore
695 2313 922 2353 alienarum.
963 2315 1150 2355 lectiones
1181 2316 1325 2355 codicis
1347 2315 1574 2354 Berolinen-

148 2368 201 2407 sis
223 2369 356 2420 plenas
388 2370 478 2408 dare
514 2370 639 2409 noluit
669 2383 740 2409 nec
762 2371 882 2410 semel
904 2372 941 2410 in
962 2372 1009 2411 iis
1032 2386 1127 2424 quas
1151 2373 1255 2412 dedit
1276 2373 1432 2412 errauit.
1485 2384 1574 2422 ege-

148 2432 242 2464 runt
281 2426 327 2465 de
362 2426 491 2465 libello
529 2434 683 2478 praeter
713 2427 807 2466 alios
837 2429 860 2467 ii
893 2441 990 2480 quos
1028 2443 1144 2481 supra
1181 2429 1325 2481 passim
1365 2429 1573 2468 citauimus

149 2481 330 2521 Huschke
368 2484 406 2522 in
447 2484 651 2523 annalibus
688 2484 784 2523 iuris
823 2486 1053 2536 prudentiae
1085 2500 1104 2525 a
1128 2487 1317 2538 Savignyo
1349 2486 1463 2525 editis
1494 2485 1571 2524 001.

151 2538 200 2577 13
224 2539 369 2590 (1845)
401 2553 437 2592 p.
465 2542 599 2580 1—49
631 2547 669 2580 et
690 2540 915 2581 Rudort'fius
940 2542 980 2581 in
1002 2543 1097 2583 actis
1119 2543 1334 2582 maioribus
1355 2543 1572 2582 academiae

151 2594 414 2636 Berolinensis
446 2610 479 2637 a.
514 2597 621 2637 1868
652 2611 689 2650 p.
713 2597 948 2639 265—297.
