<?xml version="1.0" encoding="UTF-8"?>
<!DOCTYPE html PUBLIC "-//W3C//DTD XHTML 1.0 Transitional//EN"
    "http://www.w3.org/TR/xhtml1/DTD/xhtml1-transitional.dtd">
<html xmlns="http://www.w3.org/1999/xhtml" xml:lang="en" lang="en">
 <head>
  <title>
</title>
<meta http-equiv="Content-Type" content="text/html;charset=utf-8" />
  <meta name='ocr-system' content='tesseract 3.04.00' />
  <meta name='ocr-capabilities' content='ocr_page ocr_carea ocr_par ocr_line ocrx_word'/>
</head>
<body>
  <div class='ocr_page' id='page_1' title='image "./collectiolibroru03krue_0042.png"; bbox 0 0 1855 2957; ppageno 0'>
   <div class='ocr_carea' id='block_1_1' title="bbox 1823 0 1855 2957">
    <p class='ocr_par' dir='ltr' id='par_1_1' title="bbox 1823 0 1855 2957">
     <span class='ocr_line' id='line_1_1' title="bbox 1823 0 1847 307; baseline 0 0"><span class='ocrx_word' id='word_1_1' title='bbox 1823 0 1847 307; x_wconf 95' lang='lat' dir='ltr'>   </span> 
     </span>
     <span class='ocr_line' id='line_1_2' title="bbox 1828 307 1855 2957; baseline 0 0"><span class='ocrx_word' id='word_1_2' title='bbox 1828 307 1855 2957; x_wconf 95' lang='lat' dir='ltr'>    </span> 
     </span>
    </p>
   </div>
   <div class='ocr_carea' id='block_1_2' title="bbox 223 109 1643 149">
    <p class='ocr_par' dir='ltr' id='par_1_2' title="bbox 223 109 1643 149">
     <span class='ocr_line' id='line_1_3' title="bbox 223 109 1643 149; baseline -0.008 0"><span class='ocrx_word' id='word_1_3' title='bbox 223 122 389 149; x_wconf 54' lang='lat' dir='ltr'>varra.</span> <span class='ocrx_word' id='word_1_4' title='bbox 413 123 527 148; x_wconf 76' lang='lat'>43—48.</span> <span class='ocrx_word' id='word_1_5' title='bbox 726 128 844 131; x_wconf 80' lang='lat'>——</span> <span class='ocrx_word' id='word_1_6' title='bbox 906 109 960 148; x_wconf 83' lang='lat'>32</span> <span class='ocrx_word' id='word_1_7' title='bbox 1025 125 1141 129; x_wconf 48' lang='lat' dir='ltr'>-—w</span> <span class='ocrx_word' id='word_1_8' title='bbox 1497 113 1549 139; x_wconf 85' lang='lat' dir='ltr'>DE</span> <span class='ocrx_word' id='word_1_9' title='bbox 1571 113 1643 139; x_wconf 86' lang='lat' dir='ltr'>vsv</span> 
     </span>
    </p>
   </div>
   <div class='ocr_carea' id='block_1_3' title="bbox 148 224 1853 1871">
    <p class='ocr_par' dir='ltr' id='par_1_3' title="bbox 156 216 1831 450">
     <span class='ocr_line' id='line_1_4' title="bbox 156 224 1830 290; baseline -0.006 -19"><span class='ocrx_word' id='word_1_10' title='bbox 156 231 202 266; x_wconf 84' lang='lat'>43</span> <span class='ocrx_word' id='word_1_11' title='bbox 230 231 388 271; x_wconf 84' lang='lat' dir='ltr'>Claudio</span> <span class='ocrx_word' id='word_1_12' title='bbox 420 229 635 269; x_wconf 86' lang='lat' dir='ltr'>Theodoto.</span> <span class='ocrx_word' id='word_1_13' title='bbox 691 227 885 266; x_wconf 85' lang='lat' dir='ltr'>Habitatio</span> <span class='ocrx_word' id='word_1_14' title='bbox 916 231 1042 264; x_wconf 87' lang='lat' dir='ltr'>morte</span> <span class='ocrx_word' id='word_1_15' title='bbox 1074 224 1226 268; x_wconf 73' lang='lat' dir='ltr'>finitur,</span> <span class='ocrx_word' id='word_1_16' title='bbox 1258 237 1329 263; x_wconf 89' lang='lat' dir='ltr'>nec</span> <span class='ocrx_word' id='word_1_17' title='bbox 1365 224 1642 277; x_wconf 77' lang='lat' dir='ltr'>proprietatem</span> <span class='ocrx_word' id='word_1_18' title='bbox 1660 227 1830 290; x_wconf 51' lang='grc' dir='ltr'>θὶῑζῗξΙΙΙι-,Ν</span> 
     </span>
     <span class='ocr_line' id='line_1_5' title="bbox 225 265 1831 339; baseline -0.006 -12"><span class='ocrx_word' id='word_1_19' title='bbox 225 302 267 328; x_wconf 91' lang='lat' dir='ltr'>ea</span> <span class='ocrx_word' id='word_1_20' title='bbox 298 288 422 339; x_wconf 83' lang='lat' dir='ltr'>quae1</span> <span class='ocrx_word' id='word_1_21' title='bbox 455 285 734 325; x_wconf 77' lang='lat' dir='ltr'>habitationem</span> <span class='ocrx_word' id='word_1_22' title='bbox 766 283 902 323; x_wconf 87' lang='lat' dir='ltr'>habuit</span> <span class='ocrx_word' id='word_1_23' title='bbox 932 282 1097 333; x_wconf 79' lang='lat' dir='ltr'>legando</span> <span class='ocrx_word' id='word_1_24' title='bbox 1130 282 1276 321; x_wconf 69' lang='lat' dir='ltr'>domim·</span> <span class='ocrx_word' id='word_1_25' title='bbox 1300 281 1602 321; x_wconf 85' lang='lat' dir='ltr'>uindicationem</span> <span class='ocrx_word' id='word_1_26' title='bbox 1615 285 1642 331; x_wconf 80' lang='lat'>2,</span> <span class='ocrx_word' id='word_1_27' title='bbox 1701 265 1831 325; x_wconf 50' lang='lat' dir='ltr'>conssw,</span> 
     </span>
     <span class='ocr_line' id='line_1_6' title="bbox 225 333 1831 397; baseline -0.003 -13"><span class='ocrx_word' id='word_1_28' title='bbox 225 344 310 384; x_wconf 78' lang='lat' dir='ltr'>nel³</span> <span class='ocrx_word' id='word_1_29' title='bbox 343 344 516 383; x_wconf 88' lang='lat' dir='ltr'>debitum</span> <span class='ocrx_word' id='word_1_30' title='bbox 554 342 727 394; x_wconf 73' lang='lat' dir='ltr'>neyando</span> <span class='ocrx_word' id='word_1_31' title='bbox 758 342 825 380; x_wconf 75' lang='lat' dir='ltr'>in⁴</span> <span class='ocrx_word' id='word_1_32' title='bbox 858 344 1094 379; x_wconf 81' lang='lat' dir='ltr'>testamento</span> <span class='ocrx_word' id='word_1_33' title='bbox 1131 339 1331 378; x_wconf 78' lang='lat' dir='ltr'><strong>creditoris</strong></span> <span class='ocrx_word' id='word_1_34' title='bbox 1353 340 1544 379; x_wconf 75' lang='lat' dir='ltr'>actionem</span> <span class='ocrx_word' id='word_1_35' title='bbox 1578 353 1644 379; x_wconf 86' lang='lat' dir='ltr'>ex—</span> <span class='ocrx_word' id='word_1_36' title='bbox 1674 333 1831 397; x_wconf 50' lang='lat' dir='ltr'>GA}339·&#39;=</span> 
     </span>
     <span class='ocr_line' id='line_1_7' title="bbox 226 389 1831 450; baseline -0.002 -10"><span class='ocrx_word' id='word_1_37' title='bbox 226 402 357 441; x_wconf 84' lang='lat' dir='ltr'>cludit.</span> <span class='ocrx_word' id='word_1_38' title='bbox 407 400 631 450; x_wconf 85' lang='lat' dir='ltr'>Subscripta</span> <span class='ocrx_word' id='word_1_39' title='bbox 653 398 723 437; x_wconf 89' lang='lat'><em>1111</em></span> <span class='ocrx_word' id='word_1_40' title='bbox 754 398 827 436; x_wconf 85' lang='lat' dir='ltr'>kal.</span> <span class='ocrx_word' id='word_1_41' title='bbox 861 398 943 435; x_wconf 89' lang='lat' dir='ltr'>Oct.</span> <span class='ocrx_word' id='word_1_42' title='bbox 979 395 1166 433; x_wconf 84' lang='lat' dir='ltr'>Viminaci</span> <span class='ocrx_word' id='word_1_43' title='bbox 1198 396 1325 435; x_wconf 85' lang='lat' dir='ltr'>Caess.</span> <span class='ocrx_word' id='word_1_44' title='bbox 1359 410 1484 436; x_wconf 88' lang='lat' dir='ltr'>conss.</span> <span class='ocrx_word' id='word_1_45' title='bbox 1510 422 1551 437; x_wconf 99' lang='lat' dir='ltr'>N</span> <span class='ocrx_word' id='word_1_46' title='bbox 1785 389 1792 396; x_wconf 74' lang='grc'><strong>”</strong></span> <span class='ocrx_word' id='word_1_47' title='bbox 1830 393 1831 397; x_wconf 62' lang='grc'>’</span> 
     </span>
    </p>

    <p class='ocr_par' dir='ltr' id='par_1_4' title="bbox 155 452 1833 667">
     <span class='ocr_line' id='line_1_8' title="bbox 155 452 1827 509; baseline 0.001 -13"><span class='ocrx_word' id='word_1_48' title='bbox 155 455 200 487; x_wconf 84' lang='grc'>44</span> <span class='ocrx_word' id='word_1_49' title='bbox 234 459 418 509; x_wconf 77' lang='lat' dir='ltr'>lez&#39;anus</span> <span class='ocrx_word' id='word_1_50' title='bbox 448 457 512 495; x_wconf 87' lang='lat' dir='ltr'>lib.</span> <span class='ocrx_word' id='word_1_51' title='bbox 543 457 588 495; x_wconf 84' lang='grc' dir='ltr'>ΙΙ.</span> <span class='ocrx_word' id='word_1_52' title='bbox 620 454 866 506; x_wconf 71' lang='lat' dir='ltr'>R(espondit)</span> <span class='ocrx_word' id='word_1_53' title='bbox 899 453 1054 491; x_wconf 82' lang='lat' dir='ltr'>Aurelio</span> <span class='ocrx_word' id='word_1_54' title='bbox 1087 452 1201 491; x_wconf 84' lang='lat' dir='ltr'>Felici</span> <span class='ocrx_word' id='word_1_55' title='bbox 1244 455 1395 492; x_wconf 87' lang='lat' dir='ltr'>fructus</span> <span class='ocrx_word' id='word_1_56' title='bbox 1438 467 1483 492; x_wconf 87' lang='lat' dir='ltr'>ex</span> <span class='ocrx_word' id='word_1_57' title='bbox 1522 455 1644 494; x_wconf 87' lang='lat' dir='ltr'>fundo</span> <span class='ocrx_word' id='word_1_58' title='bbox 1666 469 1827 496; x_wconf 53' lang='lat' dir='ltr'>malm</span> 
     </span>
     <span class='ocr_line' id='line_1_9' title="bbox 227 505 1833 567; baseline -0.002 -14"><span class='ocrx_word' id='word_1_59' title='bbox 227 528 296 567; x_wconf 92' lang='lat' dir='ltr'>per</span> <span class='ocrx_word' id='word_1_60' title='bbox 327 513 629 553; x_wconf 87' lang='lat' dir='ltr'>uindicationem</span> <span class='ocrx_word' id='word_1_61' title='bbox 652 524 749 563; x_wconf 86' lang='lat' dir='ltr'>pure</span> <span class='ocrx_word' id='word_1_62' title='bbox 780 511 913 549; x_wconf 87' lang='lat' dir='ltr'>relicto</span> <span class='ocrx_word' id='word_1_63' title='bbox 935 515 1025 561; x_wconf 86' lang='lat' dir='ltr'>post</span> <span class='ocrx_word' id='word_1_64' title='bbox 1045 509 1189 547; x_wconf 86' lang='lat' dir='ltr'>aditam</span> <span class='ocrx_word' id='word_1_65' title='bbox 1214 509 1468 550; x_wconf 82' lang='lat' dir='ltr'>hereditatem</span> <span class='ocrx_word' id='word_1_66' title='bbox 1500 525 1519 550; x_wconf 90' lang='lat' dir='ltr'>a</span> <span class='ocrx_word' id='word_1_67' title='bbox 1541 512 1644 562; x_wconf 85' lang='lat' dir='ltr'>lega-</span> <span class='ocrx_word' id='word_1_68' title='bbox 1707 505 1833 532; x_wconf 58' lang='lat' dir='ltr'>RESR*</span> 
     </span>
     <span class='ocr_line' id='line_1_10' title="bbox 228 566 1644 622; baseline -0.003 -12"><span class='ocrx_word' id='word_1_69' title='bbox 228 572 325 611; x_wconf 84' lang='lat' dir='ltr'>tario</span> <span class='ocrx_word' id='word_1_70' title='bbox 356 576 560 622; x_wconf 84' lang='lat' dir='ltr'>perceptos</span> <span class='ocrx_word' id='word_1_71' title='bbox 592 569 638 608; x_wconf 86' lang='lat' dir='ltr'>ad</span> <span class='ocrx_word' id='word_1_72' title='bbox 668 569 797 620; x_wconf 85' lang='lat' dir='ltr'>ipsum</span> <span class='ocrx_word' id='word_1_73' title='bbox 829 567 1036 618; x_wconf 79' lang='lat' dir='ltr'>pertinere,</span> <span class='ocrx_word' id='word_1_74' title='bbox 1069 566 1250 605; x_wconf 90' lang='lat' dir='ltr'>colonum</span> <span class='ocrx_word' id='word_1_75' title='bbox 1283 573 1412 606; x_wconf 89' lang='lat' dir='ltr'>autem</span> <span class='ocrx_word' id='word_1_76' title='bbox 1455 580 1544 607; x_wconf 89' lang='lat' dir='ltr'>cum</span> <span class='ocrx_word' id='word_1_77' title='bbox 1574 569 1644 606; x_wconf 91' lang='lat' dir='ltr'>he-</span> 
     </span>
     <span class='ocr_line' id='line_1_11' title="bbox 226 624 1090 667; baseline -0.003 0"><span class='ocrx_word' id='word_1_78' title='bbox 226 629 318 667; x_wconf 83' lang='lat' dir='ltr'>rede</span> <span class='ocrx_word' id='word_1_79' title='bbox 348 641 394 666; x_wconf 88' lang='lat' dir='ltr'>ex</span> <span class='ocrx_word' id='word_1_80' title='bbox 423 627 614 666; x_wconf 83' lang='lat' dir='ltr'>conducto</span> <span class='ocrx_word' id='word_1_81' title='bbox 646 626 786 664; x_wconf 88' lang='lat' dir='ltr'>hahere</span> <span class='ocrx_word' id='word_1_82' title='bbox 818 624 1022 663; x_wconf 81' lang='lat' dir='ltr'>actionem.</span> <span class='ocrx_word' id='word_1_83' title='bbox 1048 649 1090 664; x_wconf 92' lang='lat' dir='ltr'>N</span> 
     </span>
    </p>

    <p class='ocr_par' dir='ltr' id='par_1_5' title="bbox 156 681 1847 1007">
     <span class='ocr_line' id='line_1_12' title="bbox 156 681 1821 734; baseline -0.001 -13"><span class='ocrx_word' id='word_1_84' title='bbox 156 687 202 722; x_wconf 84' lang='lat'>45</span> <span class='ocrx_word' id='word_1_85' title='bbox 229 685 372 724; x_wconf 83' lang='lat' dir='ltr'>Paulus</span> <span class='ocrx_word' id='word_1_86' title='bbox 411 684 476 721; x_wconf 87' lang='lat' dir='ltr'>lib.</span> <span class='ocrx_word' id='word_1_87' title='bbox 505 683 538 721; x_wconf 86' lang='lat' dir='ltr'>II</span> <span class='ocrx_word' id='word_1_88' title='bbox 575 682 812 721; x_wconf 87' lang='lat' dir='ltr'>manualium</span> <span class='ocrx_word' id='word_1_89' title='bbox 860 694 905 719; x_wconf 84' lang='lat' dir='ltr'>ex</span> <span class='ocrx_word' id='word_1_90' title='bbox 952 681 1088 720; x_wconf 88' lang='lat' dir='ltr'>tribus.</span> <span class='ocrx_word' id='word_1_91' title='bbox 1151 681 1323 720; x_wconf 87' lang='lat' dir='ltr'>Tametsi</span> <span class='ocrx_word' id='word_1_92' title='bbox 1371 695 1466 721; x_wconf 86' lang='lat' dir='ltr'>usus</span> <span class='ocrx_word' id='word_1_93' title='bbox 1497 683 1649 721; x_wconf 87' lang='lat' dir='ltr'>fructus</span> <span class='ocrx_word' id='word_1_94' title='bbox 1664 705 1821 734; x_wconf 77' lang='lat' dir='ltr'>PAVL.L.</span> 
     </span>
     <span class='ocr_line' id='line_1_13' title="bbox 227 738 1820 791; baseline -0.002 -11"><span class='ocrx_word' id='word_1_95' title='bbox 227 742 338 781; x_wconf 84' lang='lat' dir='ltr'>fundi</span> <span class='ocrx_word' id='word_1_96' title='bbox 370 740 537 791; x_wconf 88' lang='lat' dir='ltr'>mancipi</span> <span class='ocrx_word' id='word_1_97' title='bbox 567 752 645 777; x_wconf 89' lang='lat' dir='ltr'>non</span> <span class='ocrx_word' id='word_1_98' title='bbox 677 739 737 784; x_wconf 80' lang='lat' dir='ltr'>sit,</span> <span class='ocrx_word' id='word_1_99' title='bbox 770 745 901 777; x_wconf 88' lang='lat' dir='ltr'>tamen</span> <span class='ocrx_word' id='word_1_100' title='bbox 933 738 1016 776; x_wconf 86' lang='lat' dir='ltr'>sine</span> <span class='ocrx_word' id='word_1_101' title='bbox 1049 738 1189 777; x_wconf 85' lang='lat' dir='ltr'>tutoris</span> <span class='ocrx_word' id='word_1_102' title='bbox 1221 738 1453 778; x_wconf 88' lang='lat' dir='ltr'>auctoritate</span> <span class='ocrx_word' id='word_1_103' title='bbox 1484 739 1649 778; x_wconf 85' lang='lat' dir='ltr'>alienare</span> <span class='ocrx_word' id='word_1_104' title='bbox 1727 741 1820 769; x_wconf 77' lang='lat' dir='ltr'><strong>MAN·</strong></span> 
     </span>
     <span class='ocr_line' id='line_1_14' title="bbox 228 791 1847 847; baseline -0.002 -10"><span class='ocrx_word' id='word_1_105' title='bbox 228 810 317 837; x_wconf 90' lang='lat' dir='ltr'>eum</span> <span class='ocrx_word' id='word_1_106' title='bbox 350 797 491 836; x_wconf 87' lang='lat' dir='ltr'>mulier</span> <span class='ocrx_word' id='word_1_107' title='bbox 522 808 600 834; x_wconf 88' lang='lat' dir='ltr'>non</span> <span class='ocrx_word' id='word_1_108' title='bbox 633 801 773 847; x_wconf 76' lang='lat' dir='ltr'>potest,</span> <span class='ocrx_word' id='word_1_109' title='bbox 807 807 894 834; x_wconf 76' lang='lat' dir='ltr'>cuni</span> <span class='ocrx_word' id='word_1_110' title='bbox 928 795 1038 834; x_wconf 88' lang='lat' dir='ltr'>aliter</span> <span class='ocrx_word' id='word_1_111' title='bbox 1068 808 1184 846; x_wconf 89' lang='lat' dir='ltr'>quam</span> <span class='ocrx_word' id='word_1_112' title='bbox 1217 795 1255 834; x_wconf 90' lang='lat' dir='ltr'>in</span> <span class='ocrx_word' id='word_1_113' title='bbox 1286 796 1369 834; x_wconf 88' lang='lat' dir='ltr'>iure</span> <span class='ocrx_word' id='word_1_114' title='bbox 1409 795 1580 834; x_wconf 85' lang='lat' dir='ltr'>cedendo</span> <span class='ocrx_word' id='word_1_115' title='bbox 1611 795 1649 833; x_wconf 87' lang='lat' dir='ltr'>id</span> <span class='ocrx_word' id='word_1_116' title='bbox 1846 791 1847 794; x_wconf 54' lang='lat'>&#39;</span> 
     </span>
     <span class='ocr_line' id='line_1_15' title="bbox 227 848 1649 904; baseline -0.001 -11"><span class='ocrx_word' id='word_1_117' title='bbox 227 857 351 893; x_wconf 88' lang='lat' dir='ltr'>facere</span> <span class='ocrx_word' id='word_1_118' title='bbox 384 866 462 892; x_wconf 91' lang='lat' dir='ltr'>non</span> <span class='ocrx_word' id='word_1_119' title='bbox 499 852 623 904; x_wconf 83' lang='lat' dir='ltr'>possit</span> <span class='ocrx_word' id='word_1_120' title='bbox 653 865 725 891; x_wconf 90' lang='lat' dir='ltr'>nec</span> <span class='ocrx_word' id='word_1_121' title='bbox 755 853 795 890; x_wconf 90' lang='lat' dir='ltr'>in</span> <span class='ocrx_word' id='word_1_122' title='bbox 834 852 918 890; x_wconf 89' lang='lat' dir='ltr'>iure</span> <span class='ocrx_word' id='word_1_123' title='bbox 949 848 1071 891; x_wconf 73' lang='lat' dir='ltr'>cessio</span> <span class='ocrx_word' id='word_1_124' title='bbox 1104 852 1188 891; x_wconf 88' lang='lat' dir='ltr'>sine</span> <span class='ocrx_word' id='word_1_125' title='bbox 1235 853 1374 891; x_wconf 84' lang='lat' dir='ltr'>tutoris</span> <span class='ocrx_word' id='word_1_126' title='bbox 1422 852 1649 891; x_wconf 87' lang='lat' dir='ltr'>auctoritate</span> 
     </span>
     <span class='ocr_line' id='line_1_16' title="bbox 229 909 1650 962; baseline -0.001 -12"><span class='ocrx_word' id='word_1_127' title='bbox 229 912 311 950; x_wconf 87' lang='lat' dir='ltr'>fieri</span> <span class='ocrx_word' id='word_1_128' title='bbox 342 910 477 962; x_wconf 85' lang='lat' dir='ltr'>possit.</span> <span class='ocrx_word' id='word_1_129' title='bbox 547 909 729 961; x_wconf 83' lang='lat' dir='ltr'>idemque</span> <span class='ocrx_word' id='word_1_130' title='bbox 774 915 833 948; x_wconf 88' lang='lat' dir='ltr'>est</span> <span class='ocrx_word' id='word_1_131' title='bbox 878 909 917 947; x_wconf 89' lang='lat' dir='ltr'>in</span> <span class='ocrx_word' id='word_1_132' title='bbox 949 909 1205 948; x_wconf 79' lang='lat' dir='ltr'>seruitutibus</span> <span class='ocrx_word' id='word_1_133' title='bbox 1246 910 1494 961; x_wconf 87' lang='lat' dir='ltr'>praediorum</span> <span class='ocrx_word' id='word_1_134' title='bbox 1534 909 1650 948; x_wconf 89' lang='lat' dir='ltr'>urba-</span> 
     </span>
     <span class='ocr_line' id='line_1_17' title="bbox 228 980 450 1007; baseline -0.009 0"><span class='ocrx_word' id='word_1_135' title='bbox 228 980 383 1007; x_wconf 90' lang='lat' dir='ltr'>norum.</span> <span class='ocrx_word' id='word_1_136' title='bbox 408 991 450 1006; x_wconf 84' lang='lat' dir='ltr'>N</span> 
     </span>
    </p>

    <p class='ocr_par' dir='ltr' id='par_1_6' title="bbox 158 1018 1853 1296">
     <span class='ocr_line' id='line_1_18' title="bbox 158 1018 1844 1065; baseline 0.002 -4"><span class='ocrx_word' id='word_1_137' title='bbox 158 1028 203 1061; x_wconf 80' lang='lat'>46</span> <span class='ocrx_word' id='word_1_138' title='bbox 230 1025 334 1065; x_wconf 81' lang='lat' dir='ltr'>Idem</span> <span class='ocrx_word' id='word_1_139' title='bbox 364 1025 429 1063; x_wconf 85' lang='lat' dir='ltr'>lib.</span> <span class='ocrx_word' id='word_1_140' title='bbox 463 1024 476 1062; x_wconf 93' lang='lat' dir='ltr'>l</span> <span class='ocrx_word' id='word_1_141' title='bbox 510 1023 763 1062; x_wconf 86' lang='lat' dir='ltr'>manualium.</span> <span class='ocrx_word' id='word_1_142' title='bbox 823 1022 932 1061; x_wconf 87' lang='lat' dir='ltr'>Actio</span> <span class='ocrx_word' id='word_1_143' title='bbox 974 1023 1020 1061; x_wconf 83' lang='lat' dir='ltr'>(le</span> <span class='ocrx_word' id='word_1_144' title='bbox 1057 1035 1130 1061; x_wconf 81' lang='lat' dir='ltr'>usu</span> <span class='ocrx_word' id='word_1_145' title='bbox 1170 1024 1324 1062; x_wconf 70' lang='lat' dir='ltr'>fructu⁵</span> <span class='ocrx_word' id='word_1_146' title='bbox 1363 1023 1483 1062; x_wconf 87' lang='lat' dir='ltr'>isdem</span> <span class='ocrx_word' id='word_1_147' title='bbox 1526 1023 1650 1062; x_wconf 85' lang='lat' dir='ltr'>modis</span> <span class='ocrx_word' id='word_1_148' title='bbox 1667 1037 1831 1064; x_wconf 57' lang='lat' dir='ltr'>PAVLJ..</span> 
     </span>
     <span class='ocr_line' id='line_1_19' title="bbox 230 1072 1853 1134; baseline -0.002 -13"><span class='ocrx_word' id='word_1_149' title='bbox 230 1082 349 1134; x_wconf 76' lang='lat' dir='ltr'>perit,</span> <span class='ocrx_word' id='word_1_150' title='bbox 391 1081 534 1132; x_wconf 86' lang='lat' dir='ltr'>quibus</span> <span class='ocrx_word' id='word_1_151' title='bbox 579 1081 660 1132; x_wconf 90' lang='lat' dir='ltr'>ipse</span> <span class='ocrx_word' id='word_1_152' title='bbox 698 1092 794 1119; x_wconf 85' lang='lat' dir='ltr'>usus</span> <span class='ocrx_word' id='word_1_153' title='bbox 834 1080 1002 1126; x_wconf 82' lang='lat' dir='ltr'>fructus,</span> <span class='ocrx_word' id='word_1_154' title='bbox 1048 1087 1319 1132; x_wconf 82' lang='lat' dir='ltr'>praeterquam</span> <span class='ocrx_word' id='word_1_155' title='bbox 1368 1093 1445 1119; x_wconf 90' lang='lat' dir='ltr'>non</span> <span class='ocrx_word' id='word_1_156' title='bbox 1494 1081 1650 1119; x_wconf 82' lang='lat' dir='ltr'>utendo.</span> <span class='ocrx_word' id='word_1_157' title='bbox 1729 1072 1853 1126; x_wconf 31' lang='lat' dir='ltr'>MANff</span> 
     </span>
     <span class='ocr_line' id='line_1_20' title="bbox 230 1136 1651 1191; baseline -0.001 -13"><span class='ocrx_word' id='word_1_158' title='bbox 230 1139 416 1191; x_wconf 86' lang='lat' dir='ltr'>pecuniae</span> <span class='ocrx_word' id='word_1_159' title='bbox 448 1150 602 1188; x_wconf 91' lang='lat' dir='ltr'>quoque</span> <span class='ocrx_word' id='word_1_160' title='bbox 634 1150 729 1176; x_wconf 87' lang='lat' dir='ltr'>usus</span> <span class='ocrx_word' id='word_1_161' title='bbox 760 1137 913 1175; x_wconf 84' lang='lat' dir='ltr'>fructus</span> <span class='ocrx_word' id='word_1_162' title='bbox 944 1136 1093 1187; x_wconf 84' lang='lat' dir='ltr'>legatus</span> <span class='ocrx_word' id='word_1_163' title='bbox 1125 1150 1195 1188; x_wconf 88' lang='lat' dir='ltr'>per</span> <span class='ocrx_word' id='word_1_164' title='bbox 1225 1150 1370 1176; x_wconf 89' lang='lat' dir='ltr'>annum</span> <span class='ocrx_word' id='word_1_165' title='bbox 1395 1150 1473 1176; x_wconf 90' lang='lat' dir='ltr'>non</span> <span class='ocrx_word' id='word_1_166' title='bbox 1506 1137 1651 1176; x_wconf 90' lang='lat' dir='ltr'>utendo</span> 
     </span>
     <span class='ocr_line' id='line_1_21' title="bbox 231 1194 1650 1246; baseline -0.003 -10"><span class='ocrx_word' id='word_1_167' title='bbox 231 1209 307 1236; x_wconf 75' lang='lat' dir='ltr'>non</span> <span class='ocrx_word' id='word_1_168' title='bbox 335 1194 469 1246; x_wconf 50' lang='lat' dir='ltr'>perst‘ss</span> <span class='ocrx_word' id='word_1_169' title='bbox 502 1194 591 1245; x_wconf 86' lang='lat' dir='ltr'>quia</span> <span class='ocrx_word' id='word_1_170' title='bbox 622 1207 694 1233; x_wconf 89' lang='lat' dir='ltr'>nec</span> <span class='ocrx_word' id='word_1_171' title='bbox 726 1206 821 1232; x_wconf 85' lang='lat' dir='ltr'>usus</span> <span class='ocrx_word' id='word_1_172' title='bbox 853 1194 1005 1232; x_wconf 85' lang='lat' dir='ltr'>fructus</span> <span class='ocrx_word' id='word_1_173' title='bbox 1037 1199 1096 1232; x_wconf 87' lang='lat' dir='ltr'>est</span> <span class='ocrx_word' id='word_1_174' title='bbox 1133 1201 1171 1232; x_wconf 91' lang='lat' dir='ltr'>et</span> <span class='ocrx_word' id='word_1_175' title='bbox 1208 1196 1396 1245; x_wconf 83' lang='lat' dir='ltr'>pecuniae</span> <span class='ocrx_word' id='word_1_176' title='bbox 1434 1194 1650 1233; x_wconf 84' lang='lat' dir='ltr'>dominium</span> 
     </span>
     <span class='ocr_line' id='line_1_22' title="bbox 230 1250 911 1296; baseline -0.003 -4"><span class='ocrx_word' id='word_1_177' title='bbox 230 1252 446 1296; x_wconf 79' lang='lat' dir='ltr'>fructuarii,</span> <span class='ocrx_word' id='word_1_178' title='bbox 478 1264 556 1289; x_wconf 88' lang='lat' dir='ltr'>non</span> <span class='ocrx_word' id='word_1_179' title='bbox 589 1250 740 1289; x_wconf 88' lang='lat' dir='ltr'>heredis</span> <span class='ocrx_word' id='word_1_180' title='bbox 772 1257 842 1289; x_wconf 87' lang='lat' dir='ltr'>est.</span> <span class='ocrx_word' id='word_1_181' title='bbox 869 1275 911 1290; x_wconf 91' lang='lat' dir='ltr'>N</span> 
     </span>
    </p>

    <p class='ocr_par' dir='ltr' id='par_1_7' title="bbox 161 1307 1852 1472">
     <span class='ocr_line' id='line_1_23' title="bbox 161 1307 1649 1359; baseline 0 -14"><span class='ocrx_word' id='word_1_182' title='bbox 161 1313 204 1345; x_wconf 81' lang='lat'>47</span> <span class='ocrx_word' id='word_1_183' title='bbox 232 1310 342 1349; x_wconf 86' lang='lat' dir='ltr'>Item.</span> <span class='ocrx_word' id='word_1_184' title='bbox 394 1308 469 1346; x_wconf 89' lang='lat' dir='ltr'>Per</span> <span class='ocrx_word' id='word_1_185' title='bbox 502 1308 826 1359; x_wconf 85' lang='lat' dir='ltr'>mancipationem</span> <span class='ocrx_word' id='word_1_186' title='bbox 868 1307 1006 1345; x_wconf 86' lang='lat' dir='ltr'>deduci</span> <span class='ocrx_word' id='word_1_187' title='bbox 1052 1320 1146 1346; x_wconf 82' lang='lat' dir='ltr'>usus</span> <span class='ocrx_word' id='word_1_188' title='bbox 1188 1309 1339 1346; x_wconf 87' lang='lat' dir='ltr'>fructus</span> <span class='ocrx_word' id='word_1_189' title='bbox 1384 1314 1524 1359; x_wconf 78' lang='lat' dir='ltr'>potest,</span> <span class='ocrx_word' id='word_1_190' title='bbox 1570 1320 1649 1346; x_wconf 88' lang='lat' dir='ltr'>non</span> 
     </span>
     <span class='ocr_line' id='line_1_24' title="bbox 232 1362 1849 1416; baseline -0.002 -11"><span class='ocrx_word' id='word_1_191' title='bbox 232 1367 345 1405; x_wconf 89' lang='lat' dir='ltr'>etiam</span> <span class='ocrx_word' id='word_1_192' title='bbox 380 1366 595 1404; x_wconf 68' lang='lat' dir='ltr'>transferri.</span> <span class='ocrx_word' id='word_1_193' title='bbox 656 1378 724 1416; x_wconf 88' lang='lat' dir='ltr'>per</span> <span class='ocrx_word' id='word_1_194' title='bbox 763 1365 810 1403; x_wconf 86' lang='lat' dir='ltr'>do</span> <span class='ocrx_word' id='word_1_195' title='bbox 851 1364 935 1414; x_wconf 80' lang='lat' dir='ltr'>lego</span> <span class='ocrx_word' id='word_1_196' title='bbox 974 1365 1143 1414; x_wconf 81' lang='lat' dir='ltr'>legatum</span> <span class='ocrx_word' id='word_1_197' title='bbox 1182 1372 1220 1403; x_wconf 90' lang='lat' dir='ltr'>et</span> <span class='ocrx_word' id='word_1_198' title='bbox 1255 1377 1324 1416; x_wconf 88' lang='lat' dir='ltr'>per</span> <span class='ocrx_word' id='word_1_199' title='bbox 1370 1364 1408 1403; x_wconf 88' lang='lat' dir='ltr'>in</span> <span class='ocrx_word' id='word_1_200' title='bbox 1447 1365 1531 1404; x_wconf 89' lang='lat' dir='ltr'>iure</span> <span class='ocrx_word' id='word_1_201' title='bbox 1568 1377 1653 1403; x_wconf 87' lang='lat' dir='ltr'>ces·</span> <span class='ocrx_word' id='word_1_202' title='bbox 1818 1362 1849 1403; x_wconf 69' lang='lat' dir='ltr'><em>l</em></span> 
     </span>
     <span class='ocr_line' id='line_1_25' title="bbox 233 1421 1039 1472; baseline -0.002 -11"><span class='ocrx_word' id='word_1_203' title='bbox 233 1423 381 1462; x_wconf 92' lang='lat' dir='ltr'>sionem</span> <span class='ocrx_word' id='word_1_204' title='bbox 415 1428 453 1460; x_wconf 92' lang='lat' dir='ltr'>et</span> <span class='ocrx_word' id='word_1_205' title='bbox 484 1422 620 1460; x_wconf 80' lang='lat' dir='ltr'>deduci</span> <span class='ocrx_word' id='word_1_206' title='bbox 651 1429 690 1460; x_wconf 91' lang='lat' dir='ltr'>et</span> <span class='ocrx_word' id='word_1_207' title='bbox 721 1421 802 1460; x_wconf 88' lang='lat' dir='ltr'>dari</span> <span class='ocrx_word' id='word_1_208' title='bbox 833 1427 973 1472; x_wconf 90' lang='lat' dir='ltr'>potest.</span> <span class='ocrx_word' id='word_1_209' title='bbox 998 1445 1039 1459; x_wconf 91' lang='lat' dir='ltr'>N</span> 
     </span>
    </p>

    <p class='ocr_par' dir='ltr' id='par_1_8' title="bbox 148 1477 1659 1758">
     <span class='ocr_line' id='line_1_26' title="bbox 148 1477 1657 1518; baseline -0.001 -1"><span class='ocrx_word' id='word_1_210' title='bbox 148 1480 347 1518; x_wconf 83' lang='lat' dir='ltr'>47altem.</span> <span class='ocrx_word' id='word_1_211' title='bbox 400 1479 534 1517; x_wconf 87' lang='lat' dir='ltr'>Potest</span> <span class='ocrx_word' id='word_1_212' title='bbox 564 1478 749 1517; x_wconf 85' lang='lat' dir='ltr'>constitui</span> <span class='ocrx_word' id='word_1_213' title='bbox 786 1484 824 1516; x_wconf 91' lang='lat' dir='ltr'>et</span> <span class='ocrx_word' id='word_1_214' title='bbox 855 1478 1019 1516; x_wconf 70' lang='lat' dir='ltr'>familiae</span> <span class='ocrx_word' id='word_1_215' title='bbox 1051 1477 1318 1516; x_wconf 75' lang='lat' dir='ltr'>erciscundae⁷</span> <span class='ocrx_word' id='word_1_216' title='bbox 1357 1477 1420 1516; x_wconf 90' lang='lat' dir='ltr'>uel</span> <span class='ocrx_word' id='word_1_217' title='bbox 1463 1477 1657 1516; x_wconf 87' lang='lat' dir='ltr'>communi</span> 
     </span>
     <span class='ocr_line' id='line_1_27' title="bbox 237 1534 1659 1586; baseline -0.003 -11"><span class='ocrx_word' id='word_1_218' title='bbox 237 1535 450 1575; x_wconf 86' lang='lat' dir='ltr'>diuidundo</span> <span class='ocrx_word' id='word_1_219' title='bbox 481 1535 624 1574; x_wconf 87' lang='lat' dir='ltr'>iudicio</span> <span class='ocrx_word' id='word_1_220' title='bbox 654 1534 840 1585; x_wconf 79' lang='lat' dir='ltr'>legitimo.</span> <span class='ocrx_word' id='word_1_221' title='bbox 866 1559 907 1573; x_wconf 87' lang='lat' dir='ltr'>N</span> <span class='ocrx_word' id='word_1_222' title='bbox 961 1535 998 1572; x_wconf 89' lang='lat' dir='ltr'>in</span> <span class='ocrx_word' id='word_1_223' title='bbox 1032 1547 1073 1572; x_wconf 90' lang='lat' dir='ltr'>re</span> <span class='ocrx_word' id='word_1_224' title='bbox 1112 1546 1183 1573; x_wconf 92' lang='lat' dir='ltr'>nec</span> <span class='ocrx_word' id='word_1_225' title='bbox 1221 1534 1389 1585; x_wconf 88' lang='lat' dir='ltr'>mancipi</span> <span class='ocrx_word' id='word_1_226' title='bbox 1429 1547 1498 1586; x_wconf 90' lang='lat' dir='ltr'>per</span> <span class='ocrx_word' id='word_1_227' title='bbox 1537 1534 1659 1573; x_wconf 85' lang='lat' dir='ltr'>tradi-</span> 
     </span>
     <span class='ocr_line' id='line_1_28' title="bbox 236 1590 1658 1642; baseline -0.002 -10"><span class='ocrx_word' id='word_1_228' title='bbox 236 1595 379 1632; x_wconf 88' lang='lat' dir='ltr'>tionem</span> <span class='ocrx_word' id='word_1_229' title='bbox 414 1592 550 1631; x_wconf 85' lang='lat' dir='ltr'>deduci</span> <span class='ocrx_word' id='word_1_230' title='bbox 588 1605 683 1631; x_wconf 83' lang='lat' dir='ltr'>usus</span> <span class='ocrx_word' id='word_1_231' title='bbox 724 1594 875 1630; x_wconf 86' lang='lat' dir='ltr'>fructus</span> <span class='ocrx_word' id='word_1_232' title='bbox 914 1603 991 1629; x_wconf 86' lang='lat' dir='ltr'>non</span> <span class='ocrx_word' id='word_1_233' title='bbox 1031 1597 1161 1642; x_wconf 85' lang='lat' dir='ltr'>potest</span> <span class='ocrx_word' id='word_1_234' title='bbox 1205 1603 1277 1629; x_wconf 87' lang='lat' dir='ltr'>nec</span> <span class='ocrx_word' id='word_1_235' title='bbox 1315 1591 1354 1629; x_wconf 92' lang='lat' dir='ltr'>in</span> <span class='ocrx_word' id='word_1_236' title='bbox 1401 1591 1577 1638; x_wconf 85' lang='lat' dir='ltr'>homine,</span> <span class='ocrx_word' id='word_1_237' title='bbox 1626 1590 1658 1629; x_wconf 89' lang='lat' dir='ltr'>si</span> 
     </span>
     <span class='ocr_line' id='line_1_29' title="bbox 235 1648 1657 1702; baseline -0.001 -14"><span class='ocrx_word' id='word_1_238' title='bbox 235 1651 438 1702; x_wconf 82' lang='lat' dir='ltr'>peregrino</span> <span class='ocrx_word' id='word_1_239' title='bbox 472 1650 666 1694; x_wconf 80' lang='lat' dir='ltr'>tradatur;</span> <span class='ocrx_word' id='word_1_240' title='bbox 699 1648 802 1687; x_wconf 90' lang='lat' dir='ltr'>ciuili</span> <span class='ocrx_word' id='word_1_241' title='bbox 839 1649 941 1686; x_wconf 90' lang='lat' dir='ltr'>enim</span> <span class='ocrx_word' id='word_1_242' title='bbox 981 1648 1133 1687; x_wconf 83' lang='lat' dir='ltr'>actione</span> <span class='ocrx_word' id='word_1_243' title='bbox 1169 1648 1355 1687; x_wconf 88' lang='lat' dir='ltr'>constitui</span> <span class='ocrx_word' id='word_1_244' title='bbox 1395 1654 1545 1699; x_wconf 86' lang='lat' dir='ltr'>potest,</span> <span class='ocrx_word' id='word_1_245' title='bbox 1577 1660 1657 1686; x_wconf 90' lang='lat' dir='ltr'>non</span> 
     </span>
     <span class='ocr_line' id='line_1_30' title="bbox 237 1705 1088 1758; baseline -0.001 -12"><span class='ocrx_word' id='word_1_246' title='bbox 237 1708 453 1751; x_wconf 74' lang='lat' dir='ltr'>traditione,</span> <span class='ocrx_word' id='word_1_247' title='bbox 487 1720 585 1758; x_wconf 83' lang='lat' dir='ltr'>qnae</span> <span class='ocrx_word' id='word_1_248' title='bbox 615 1706 711 1744; x_wconf 84' lang='lat' dir='ltr'>iuris</span> <span class='ocrx_word' id='word_1_249' title='bbox 744 1705 917 1756; x_wconf 80' lang='lat' dir='ltr'>gentium</span> <span class='ocrx_word' id='word_1_250' title='bbox 950 1710 1019 1743; x_wconf 90' lang='lat' dir='ltr'>est.</span> <span class='ocrx_word' id='word_1_251' title='bbox 1046 1730 1088 1745; x_wconf 92' lang='lat' dir='ltr'>N</span> 
     </span>
    </p>

    <p class='ocr_par' dir='ltr' id='par_1_9' title="bbox 164 1761 1657 1871">
     <span class='ocr_line' id='line_1_31' title="bbox 164 1761 1657 1814; baseline -0.001 -13"><span class='ocrx_word' id='word_1_252' title='bbox 164 1768 210 1802; x_wconf 89' lang='lat'>48</span> <span class='ocrx_word' id='word_1_253' title='bbox 236 1765 346 1803; x_wconf 85' lang='lat' dir='ltr'>Item.</span> <span class='ocrx_word' id='word_1_254' title='bbox 398 1764 453 1802; x_wconf 86' lang='lat' dir='ltr'>Ad</span> <span class='ocrx_word' id='word_1_255' title='bbox 488 1770 637 1802; x_wconf 88' lang='lat' dir='ltr'>certum</span> <span class='ocrx_word' id='word_1_256' title='bbox 671 1770 826 1814; x_wconf 84' lang='lat' dir='ltr'>tempus</span> <span class='ocrx_word' id='word_1_257' title='bbox 859 1769 897 1801; x_wconf 93' lang='lat' dir='ltr'>et</span> <span class='ocrx_word' id='word_1_258' title='bbox 927 1762 965 1800; x_wconf 92' lang='lat' dir='ltr'>in</span> <span class='ocrx_word' id='word_1_259' title='bbox 996 1762 1079 1801; x_wconf 88' lang='lat' dir='ltr'>iure</span> <span class='ocrx_word' id='word_1_260' title='bbox 1111 1761 1192 1800; x_wconf 86' lang='lat' dir='ltr'>cedi</span> <span class='ocrx_word' id='word_1_261' title='bbox 1225 1767 1262 1800; x_wconf 91' lang='lat' dir='ltr'>et</span> <span class='ocrx_word' id='word_1_262' title='bbox 1298 1761 1413 1812; x_wconf 83' lang='lat' dir='ltr'>legari</span> <span class='ocrx_word' id='word_1_263' title='bbox 1451 1767 1489 1800; x_wconf 92' lang='lat' dir='ltr'>et</span> <span class='ocrx_word' id='word_1_264' title='bbox 1530 1761 1657 1800; x_wconf 79' lang='lat' dir='ltr'>officio</span> 
     </span>
     <span class='ocr_line' id='line_1_32' title="bbox 236 1820 833 1871; baseline -0.003 -11"><span class='ocrx_word' id='word_1_265' title='bbox 236 1821 374 1860; x_wconf 84' lang='lat' dir='ltr'>iudicis</span> <span class='ocrx_word' id='word_1_266' title='bbox 406 1820 590 1859; x_wconf 88' lang='lat' dir='ltr'>constitui</span> <span class='ocrx_word' id='word_1_267' title='bbox 626 1827 766 1871; x_wconf 87' lang='lat' dir='ltr'>potest.</span> <span class='ocrx_word' id='word_1_268' title='bbox 792 1844 833 1859; x_wconf 82' lang='lat' dir='ltr'>N</span> 
     </span>
    </p>
   </div>
   <div class='ocr_carea' id='block_1_4' title="bbox 237 1972 1660 2108">
    <p class='ocr_par' dir='ltr' id='par_1_10' title="bbox 237 1972 1660 2108">
     <span class='ocr_line' id='line_1_33' title="bbox 328 1972 1659 2015; baseline -0.004 -8"><span class='ocrx_word' id='word_1_269' title='bbox 328 1987 355 2007; x_wconf 92' lang='lat' dir='ltr'>c.</span> <span class='ocrx_word' id='word_1_270' title='bbox 383 1975 423 2007; x_wconf 77' lang='lat'>43</span> <span class='ocrx_word' id='word_1_271' title='bbox 442 1990 485 2000; x_wconf 65' lang='grc' dir='ltr'><strong>Ξ</strong></span> <span class='ocrx_word' id='word_1_272' title='bbox 506 1974 580 2007; x_wconf 78' lang='lat' dir='ltr'>Cod.</span> <span class='ocrx_word' id='word_1_273' title='bbox 611 1975 694 2007; x_wconf 82' lang='lat' dir='ltr'>Just.</span> <span class='ocrx_word' id='word_1_274' title='bbox 723 1976 754 2011; x_wconf 75' lang='lat'>3,</span> <span class='ocrx_word' id='word_1_275' title='bbox 781 1975 835 2014; x_wconf 87' lang='lat'>33,</span> <span class='ocrx_word' id='word_1_276' title='bbox 864 1977 914 2008; x_wconf 92' lang='grc'>11.</span> <span class='ocrx_word' id='word_1_277' title='bbox 963 1973 1064 2006; x_wconf 84' lang='lat' dir='ltr'>Iidem</span> <span class='ocrx_word' id='word_1_278' title='bbox 1091 1975 1159 2005; x_wconf 85' lang='grc' dir='ltr'>ΑΑ.</span> <span class='ocrx_word' id='word_1_279' title='bbox 1186 1973 1270 2012; x_wconf 72' lang='lat' dir='ltr'>(scil.</span> <span class='ocrx_word' id='word_1_280' title='bbox 1295 1972 1395 2015; x_wconf 88' lang='lat' dir='ltr'>Impp.</span> <span class='ocrx_word' id='word_1_281' title='bbox 1426 1972 1659 2004; x_wconf 83' lang='lat' dir='ltr'>Diocletianus</span> 
     </span>
     <span class='ocr_line' id='line_1_34' title="bbox 239 2017 1660 2059; baseline -0.004 -6"><span class='ocrx_word' id='word_1_282' title='bbox 239 2027 271 2053; x_wconf 83' lang='lat' dir='ltr'>et</span> <span class='ocrx_word' id='word_1_283' title='bbox 298 2021 538 2059; x_wconf 70' lang='lat' dir='ltr'>Maximianus)</span> <span class='ocrx_word' id='word_1_284' title='bbox 566 2026 599 2053; x_wconf 89' lang='lat' dir='ltr'>et</span> <span class='ocrx_word' id='word_1_285' title='bbox 624 2022 685 2053; x_wconf 85' lang='lat' dir='ltr'>CC.</span> <span class='ocrx_word' id='word_1_286' title='bbox 714 2020 886 2051; x_wconf 81' lang='lat' dir='ltr'>Theodoto</span> <span class='ocrx_word' id='word_1_287' title='bbox 907 2019 1098 2059; x_wconf 75' lang='lat' dir='ltr'>(Theodoro</span> <span class='ocrx_word' id='word_1_288' title='bbox 1125 2019 1177 2051; x_wconf 75' lang='lat' dir='ltr'>ael</span> <span class='ocrx_word' id='word_1_289' title='bbox 1200 2018 1394 2051; x_wconf 80' lang='lat' dir='ltr'>Theodotae</span> <span class='ocrx_word' id='word_1_290' title='bbox 1413 2017 1517 2058; x_wconf 65' lang='lat' dir='ltr'>libri).</span> <span class='ocrx_word' id='word_1_291' title='bbox 1560 2017 1660 2049; x_wconf 86' lang='lat' dir='ltr'>Habi-</span> 
     </span>
     <span class='ocr_line' id='line_1_35' title="bbox 237 2066 1262 2108; baseline -0.003 -9"><span class='ocrx_word' id='word_1_292' title='bbox 237 2067 324 2099; x_wconf 81' lang='lat' dir='ltr'>tatio</span> <span class='ocrx_word' id='word_1_293' title='bbox 351 2085 393 2088; x_wconf 97' lang='lat'><strong>—</strong></span> <span class='ocrx_word' id='word_1_294' title='bbox 418 2067 678 2098; x_wconf 79' lang='lat' dir='ltr'>uindicationem</span> <span class='ocrx_word' id='word_1_295' title='bbox 706 2066 856 2098; x_wconf 83' lang='lat' dir='ltr'>excludit</span> <span class='ocrx_word' id='word_1_296' title='bbox 880 2067 1091 2108; x_wconf 71' lang='lat' dir='ltr'>interpositis</span> <span class='ocrx_word' id='word_1_297' title='bbox 1116 2067 1262 2097; x_wconf 76' lang='lat' dir='ltr'>omt&#39;sst&#39;s.</span> 
     </span>
    </p>
   </div>
   <div class='ocr_carea' id='block_1_5' title="bbox 1180 2246 1336 2253">
    <p class='ocr_par' dir='ltr' id='par_1_11' title="bbox 1180 2246 1336 2253">
     <span class='ocr_line' id='line_1_36' title="bbox 1180 2246 1336 2253; baseline 0 704"><span class='ocrx_word' id='word_1_298' title='bbox 1180 2246 1336 2253; x_wconf 95' lang='lat' dir='ltr'> </span> 
     </span>
    </p>
   </div>
   <div class='ocr_carea' id='block_1_6' title="bbox 238 2107 1659 2362">
    <p class='ocr_par' dir='ltr' id='par_1_12' title="bbox 238 2107 1659 2362">
     <span class='ocr_line' id='line_1_37' title="bbox 329 2107 1659 2154; baseline -0.004 -11"><span class='ocrx_word' id='word_1_299' title='bbox 329 2123 355 2143; x_wconf 92' lang='lat' dir='ltr'>c.</span> <span class='ocrx_word' id='word_1_300' title='bbox 383 2112 484 2144; x_wconf 71' lang='lat'>44:</span> <span class='ocrx_word' id='word_1_301' title='bbox 502 2112 579 2154; x_wconf 61' lang='lat' dir='ltr'>Deg.</span> <span class='ocrx_word' id='word_1_302' title='bbox 607 2113 660 2151; x_wconf 79' lang='lat'>30,</span> <span class='ocrx_word' id='word_1_303' title='bbox 690 2112 764 2153; x_wconf 82' lang='lat'>120,</span> <span class='ocrx_word' id='word_1_304' title='bbox 791 2112 821 2142; x_wconf 85' lang='lat'>2.</span> <span class='ocrx_word' id='word_1_305' title='bbox 870 2112 945 2154; x_wconf 85' lang='lat' dir='ltr'>le.</span> <span class='ocrx_word' id='word_1_306' title='bbox 973 2112 993 2142; x_wconf 90' lang='lat' dir='ltr'>l.</span> <span class='ocrx_word' id='word_1_307' title='bbox 1022 2110 1045 2142; x_wconf 87' lang='lat'>11</span> <span class='ocrx_word' id='word_1_308' title='bbox 1073 2122 1159 2153; x_wconf 86' lang='lat' dir='ltr'>resp.</span> <span class='ocrx_word' id='word_1_309' title='bbox 1192 2110 1339 2142; x_wconf 86' lang='lat' dir='ltr'>Fructus</span> <span class='ocrx_word' id='word_1_310' title='bbox 1372 2119 1413 2141; x_wconf 85' lang='lat' dir='ltr'>ex</span> <span class='ocrx_word' id='word_1_311' title='bbox 1443 2107 1544 2140; x_wconf 88' lang='lat' dir='ltr'>fundo</span> <span class='ocrx_word' id='word_1_312' title='bbox 1577 2118 1659 2150; x_wconf 86' lang='lat' dir='ltr'>pure</span> 
     </span>
     <span class='ocr_line' id='line_1_38' title="bbox 238 2157 725 2200; baseline 0 -11"><span class='ocrx_word' id='word_1_313' title='bbox 238 2157 351 2197; x_wconf 86' lang='lat' dir='ltr'>legato</span> <span class='ocrx_word' id='word_1_314' title='bbox 378 2163 454 2200; x_wconf 83' lang='lat' dir='ltr'>post</span> <span class='ocrx_word' id='word_1_315' title='bbox 478 2176 521 2180; x_wconf 80' lang='lat'>-—</span> <span class='ocrx_word' id='word_1_316' title='bbox 547 2158 725 2189; x_wconf 85' lang='lat' dir='ltr'>actionem.</span> 
     </span>
     <span class='ocr_line' id='line_1_39' title="bbox 332 2316 1659 2362; baseline -0.005 -11"><span class='ocrx_word' id='word_1_317' title='bbox 332 2320 343 2351; x_wconf 90' lang='lat'>1</span> <span class='ocrx_word' id='word_1_318' title='bbox 376 2320 613 2362; x_wconf 80' lang='lat' dir='ltr'>proprietatem</span> <span class='ocrx_word' id='word_1_319' title='bbox 652 2320 707 2361; x_wconf 90' lang='lat' dir='ltr'>qui</span> <span class='ocrx_word' id='word_1_320' title='bbox 743 2319 829 2351; x_wconf 77' lang='lat' dir='ltr'>last.</span> <span class='ocrx_word' id='word_1_321' title='bbox 868 2317 883 2362; x_wconf 78' lang='grc' dir='ltr'>Η</span> <span class='ocrx_word' id='word_1_322' title='bbox 924 2319 942 2350; x_wconf 86' lang='grc'>2</span> <span class='ocrx_word' id='word_1_323' title='bbox 970 2320 1111 2359; x_wconf 82' lang='lat' dir='ltr'>legundo</span> <span class='ocrx_word' id='word_1_324' title='bbox 1140 2329 1198 2359; x_wconf 89' lang='lat' dir='ltr'>per</span> <span class='ocrx_word' id='word_1_325' title='bbox 1224 2317 1312 2349; x_wconf 89' lang='lat' dir='ltr'>uiud.</span> <span class='ocrx_word' id='word_1_326' title='bbox 1339 2317 1386 2351; x_wconf 65' lang='lat' dir='ltr'>V:</span> <span class='ocrx_word' id='word_1_327' title='bbox 1424 2316 1564 2357; x_wconf 86' lang='lat' dir='ltr'>legando</span> <span class='ocrx_word' id='word_1_328' title='bbox 1595 2316 1659 2346; x_wconf 89' lang='lat' dir='ltr'>do-</span> 
     </span>
    </p>
   </div>
   <div class='ocr_carea' id='block_1_7' title="bbox 237 2361 1660 2720">
    <p class='ocr_par' dir='ltr' id='par_1_13' title="bbox 237 2361 1660 2720">
     <span class='ocr_line' id='line_1_40' title="bbox 238 2361 1659 2404; baseline -0.004 -8"><span class='ocrx_word' id='word_1_329' title='bbox 238 2366 333 2397; x_wconf 85' lang='lat' dir='ltr'>minii</span> <span class='ocrx_word' id='word_1_330' title='bbox 370 2366 461 2396; x_wconf 84' lang='lat' dir='ltr'>uind.</span> <span class='ocrx_word' id='word_1_331' title='bbox 490 2365 592 2404; x_wconf 74' lang='lat' dir='ltr'>Iust.;</span> <span class='ocrx_word' id='word_1_332' title='bbox 630 2365 771 2404; x_wconf 70' lang='lat' dir='ltr'>legando</span> <span class='ocrx_word' id='word_1_333' title='bbox 809 2366 932 2395; x_wconf 86' lang='lat' dir='ltr'>domini</span> <span class='ocrx_word' id='word_1_334' title='bbox 962 2365 1052 2396; x_wconf 88' lang='lat' dir='ltr'>uind.</span> <span class='ocrx_word' id='word_1_335' title='bbox 1090 2363 1271 2395; x_wconf 74' lang='lat' dir='ltr'>Bacltltoltz</span> <span class='ocrx_word' id='word_1_336' title='bbox 1298 2365 1396 2403; x_wconf 80' lang='lat' dir='ltr'>recte,</span> <span class='ocrx_word' id='word_1_337' title='bbox 1432 2371 1513 2392; x_wconf 76' lang='lat' dir='ltr'>nam</span> <span class='ocrx_word' id='word_1_338' title='bbox 1549 2361 1588 2391; x_wconf 77' lang='lat' dir='ltr'>(io</span> <span class='ocrx_word' id='word_1_339' title='bbox 1626 2362 1659 2391; x_wconf 75' lang='lat' dir='ltr'>in</span> 
     </span>
     <span class='ocr_line' id='line_1_41' title="bbox 238 2411 1660 2453; baseline -0.004 -11"><span class='ocrx_word' id='word_1_340' title='bbox 238 2412 378 2447; x_wconf 72' lang='lat' dir='ltr'>legando</span> <span class='ocrx_word' id='word_1_341' title='bbox 405 2413 597 2452; x_wconf 71' lang='lat' dir='ltr'>sequentem</span> <span class='ocrx_word' id='word_1_342' title='bbox 623 2411 786 2453; x_wconf 75' lang='lat' dir='ltr'>syllabam</span> <span class='ocrx_word' id='word_1_343' title='bbox 813 2411 978 2453; x_wconf 71' lang='lat' dir='ltr'>absorpsit</span> <span class='ocrx_word' id='word_1_344' title='bbox 1002 2411 1205 2451; x_wconf 73' lang='lat' dir='ltr'>accessitque</span> <span class='ocrx_word' id='word_1_345' title='bbox 1236 2419 1294 2451; x_wconf 82' lang='lat' dir='ltr'>per</span> <span class='ocrx_word' id='word_1_346' title='bbox 1325 2419 1369 2439; x_wconf 72' lang='lat' dir='ltr'>eae</span> <span class='ocrx_word' id='word_1_347' title='bbox 1402 2416 1515 2450; x_wconf 79' lang='lat' dir='ltr'>praua</span> <span class='ocrx_word' id='word_1_348' title='bbox 1550 2417 1660 2437; x_wconf 82' lang='lat' dir='ltr'>emen-</span> 
     </span>
     <span class='ocr_line' id='line_1_42' title="bbox 237 2453 1658 2498; baseline -0.004 -12"><span class='ocrx_word' id='word_1_349' title='bbox 237 2455 379 2488; x_wconf 68' lang='lat' dir='ltr'>datione..</span> <span class='ocrx_word' id='word_1_350' title='bbox 436 2456 492 2488; x_wconf 80' lang='lat' dir='ltr'>‘ad</span> <span class='ocrx_word' id='word_1_351' title='bbox 527 2455 645 2487; x_wconf 75' lang='lat' dir='ltr'>codicis</span> <span class='ocrx_word' id='word_1_352' title='bbox 679 2458 889 2498; x_wconf 73' lang='lat' dir='ltr'>scripturam</span> <span class='ocrx_word' id='word_1_353' title='bbox 923 2458 1061 2498; x_wconf 76' lang='lat' dir='ltr'>propius</span> <span class='ocrx_word' id='word_1_354' title='bbox 1097 2455 1220 2486; x_wconf 72' lang='lat' dir='ltr'>accedit</span> <span class='ocrx_word' id='word_1_355' title='bbox 1256 2454 1324 2485; x_wconf 88' lang='lat' dir='ltr'>rei:</span> <span class='ocrx_word' id='word_1_356' title='bbox 1358 2454 1468 2495; x_wconf 74' lang='lat' dir='ltr'>ipsias</span> <span class='ocrx_word' id='word_1_357' title='bbox 1500 2453 1550 2483; x_wconf 75' lang='lat' dir='ltr'>rei</span> <span class='ocrx_word' id='word_1_358' title='bbox 1579 2453 1658 2482; x_wconf 75' lang='lat' dir='ltr'>uia-</span> 
     </span>
     <span class='ocr_line' id='line_1_43' title="bbox 238 2495 1659 2544; baseline -0.004 -11"><span class='ocrx_word' id='word_1_359' title='bbox 238 2502 434 2533; x_wconf 53' lang='lat' dir='ltr'>dit-ationem</span> <span class='ocrx_word' id='word_1_360' title='bbox 480 2503 582 2544; x_wconf 75' lang='lat' dir='ltr'>impp.</span> <span class='ocrx_word' id='word_1_361' title='bbox 625 2504 694 2533; x_wconf 78' lang='lat' dir='ltr'>tam</span> <span class='ocrx_word' id='word_1_362' title='bbox 733 2502 936 2533; x_wconf 70' lang='lat' dir='ltr'>habitationi</span> <span class='ocrx_word' id='word_1_363' title='bbox 972 2512 1069 2542; x_wconf 65' lang='grc' dir='ltr'><em>(μιαης</em></span> <span class='ocrx_word' id='word_1_364' title='bbox 1108 2500 1286 2533; x_wconf 70' lang='lat' dir='ltr'>creditoris</span> <span class='ocrx_word' id='word_1_365' title='bbox 1323 2499 1449 2530; x_wconf 75' lang='lat' dir='ltr'>actioni</span> <span class='ocrx_word' id='word_1_366' title='bbox 1484 2495 1659 2540; x_wconf 77' lang='lat' dir='ltr'>oppmnmt&#39;</span> 
     </span>
     <span class='ocr_line' id='line_1_44' title="bbox 240 2541 1659 2590; baseline -0.003 -13"><span class='ocrx_word' id='word_1_367' title='bbox 240 2547 394 2589; x_wconf 68' lang='lat' dir='ltr'>Hollweg.</span> <span class='ocrx_word' id='word_1_368' title='bbox 425 2545 440 2590; x_wconf 81' lang='grc' dir='ltr'>Η</span> <span class='ocrx_word' id='word_1_369' title='bbox 469 2548 487 2578; x_wconf 82' lang='lat'><strong>3</strong></span> <span class='ocrx_word' id='word_1_370' title='bbox 515 2558 574 2578; x_wconf 87' lang='lat' dir='ltr'>uec</span> <span class='ocrx_word' id='word_1_371' title='bbox 598 2557 659 2589; x_wconf 86' lang='lat' dir='ltr'>pro</span> <span class='ocrx_word' id='word_1_372' title='bbox 686 2548 740 2579; x_wconf 90' lang='lat' dir='ltr'>uel</span> <span class='ocrx_word' id='word_1_373' title='bbox 763 2549 1012 2590; x_wconf 70' lang='lat' dir='ltr'>proposuerant</span> <span class='ocrx_word' id='word_1_374' title='bbox 1030 2547 1146 2578; x_wconf 72' lang='lat' dir='ltr'>Hlenze</span> <span class='ocrx_word' id='word_1_375' title='bbox 1170 2548 1202 2577; x_wconf 83' lang='lat' dir='ltr'>et</span> <span class='ocrx_word' id='word_1_376' title='bbox 1222 2544 1359 2578; x_wconf 76' lang='lat' dir='ltr'>lVenclc.</span> <span class='ocrx_word' id='word_1_377' title='bbox 1385 2541 1401 2587; x_wconf 81' lang='grc' dir='ltr'>Η</span> <span class='ocrx_word' id='word_1_378' title='bbox 1429 2543 1450 2574; x_wconf 88' lang='grc'>4</span> <span class='ocrx_word' id='word_1_379' title='bbox 1476 2543 1659 2581; x_wconf 70' lang='lat' dir='ltr'>negandum</span> 
     </span>
     <span class='ocr_line' id='line_1_45' title="bbox 240 2586 1659 2635; baseline -0.004 -11"><span class='ocrx_word' id='word_1_380' title='bbox 240 2592 330 2631; x_wconf 65' lang='lat' dir='ltr'>les,</span> <span class='ocrx_word' id='word_1_381' title='bbox 357 2594 536 2624; x_wconf 79' lang='lat' dir='ltr'>necandum</span> <span class='ocrx_word' id='word_1_382' title='bbox 565 2592 636 2632; x_wconf 74' lang='lat' dir='ltr'>Vd;</span> <span class='ocrx_word' id='word_1_383' title='bbox 661 2603 722 2624; x_wconf 77' lang='lat' dir='ltr'>em.</span> <span class='ocrx_word' id='word_1_384' title='bbox 748 2591 866 2624; x_wconf 69' lang='lat' dir='ltr'>Hlenze</span> <span class='ocrx_word' id='word_1_385' title='bbox 890 2595 921 2624; x_wconf 82' lang='lat' dir='ltr'>et</span> <span class='ocrx_word' id='word_1_386' title='bbox 949 2591 1087 2624; x_wconf 66' lang='lat' dir='ltr'>Iseuck.</span> <span class='ocrx_word' id='word_1_387' title='bbox 1129 2590 1139 2635; x_wconf 80' lang='grc' dir='ltr'>ΙΙ</span> <span class='ocrx_word' id='word_1_388' title='bbox 1182 2593 1200 2622; x_wconf 75' lang='grc'>5</span> <span class='ocrx_word' id='word_1_389' title='bbox 1228 2589 1401 2621; x_wconf 79' lang='lat' dir='ltr'>suofructo</span> <span class='ocrx_word' id='word_1_390' title='bbox 1429 2588 1471 2620; x_wconf 90' lang='lat' dir='ltr'>V.</span> <span class='ocrx_word' id='word_1_391' title='bbox 1508 2586 1523 2631; x_wconf 76' lang='grc' dir='ltr'>ΙΙ</span> <span class='ocrx_word' id='word_1_392' title='bbox 1551 2589 1569 2617; x_wconf 75' lang='lat' dir='ltr'>o</span> <span class='ocrx_word' id='word_1_393' title='bbox 1596 2598 1659 2619; x_wconf 89' lang='lat' dir='ltr'>nou</span> 
     </span>
     <span class='ocr_line' id='line_1_46' title="bbox 238 2631 1660 2680; baseline -0.004 -12"><span class='ocrx_word' id='word_1_394' title='bbox 238 2638 328 2679; x_wconf 83' lang='lat' dir='ltr'>perit</span> <span class='ocrx_word' id='word_1_395' title='bbox 352 2637 427 2669; x_wconf 68' lang='lat' dir='ltr'>aad.</span> <span class='ocrx_word' id='word_1_396' title='bbox 459 2638 647 2670; x_wconf 57' lang='lat' dir='ltr'>Has-caletus</span> <span class='ocrx_word' id='word_1_397' title='bbox 672 2641 805 2670; x_wconf 79' lang='lat' dir='ltr'>secutus</span> <span class='ocrx_word' id='word_1_398' title='bbox 832 2638 1049 2680; x_wconf 65' lang='lat' dir='ltr'>Hollwegw&#39;um</span> <span class='ocrx_word' id='word_1_399' title='bbox 1077 2635 1092 2680; x_wconf 81' lang='grc' dir='ltr'>Η</span> <span class='ocrx_word' id='word_1_400' title='bbox 1134 2638 1152 2668; x_wconf 79' lang='grc'>’7</span> <span class='ocrx_word' id='word_1_401' title='bbox 1182 2636 1304 2668; x_wconf 84' lang='lat' dir='ltr'>factum</span> <span class='ocrx_word' id='word_1_402' title='bbox 1332 2640 1384 2667; x_wconf 86' lang='lat' dir='ltr'>est</span> <span class='ocrx_word' id='word_1_403' title='bbox 1411 2633 1447 2665; x_wconf 89' lang='lat' dir='ltr'><em>V</em></span> <span class='ocrx_word' id='word_1_404' title='bbox 1468 2635 1558 2665; x_wconf 71' lang='lat' dir='ltr'>uotis</span> <span class='ocrx_word' id='word_1_405' title='bbox 1583 2631 1605 2664; x_wconf 84' lang='lat' dir='ltr'>f.</span> <span class='ocrx_word' id='word_1_406' title='bbox 1633 2644 1660 2664; x_wconf 87' lang='lat' dir='ltr'>e.</span> 
     </span>
     <span class='ocr_line' id='line_1_47' title="bbox 237 2682 722 2720; baseline 0.002 -6"><span class='ocrx_word' id='word_1_407' title='bbox 237 2682 324 2714; x_wconf 80' lang='lat' dir='ltr'>male</span> <span class='ocrx_word' id='word_1_408' title='bbox 349 2683 541 2720; x_wconf 50' lang='lat' dir='ltr'>(rebellatis,-</span> <span class='ocrx_word' id='word_1_409' title='bbox 565 2695 626 2715; x_wconf 83' lang='lat' dir='ltr'>em.</span> <span class='ocrx_word' id='word_1_410' title='bbox 645 2682 722 2715; x_wconf 72' lang='lat' dir='ltr'>Mac.</span> 
     </span>
    </p>
   </div>
  </div>
 </body>
</html>
